2031 2976
389 320 400 327 a
424 260 435 318 ἦ
455 247 466 251 “
479 238 672 307 homines
718 239 956 314 alloquitur.
1012 258 1155 311 Quare
1185 258 1375 302 codicum
1415 255 1558 314 potius
1585 257 1711 301 vesti-

421 345 457 364 τι
476 327 564 388 da
579 331 623 370 et
650 327 695 373 in
722 327 842 370 initio
871 331 1020 370 versus
1040 327 1201 369 verba:

705 394 765 438 ite
793 397 909 438 rates
936 406 1094 438 curvae

460 734 521 776 ite
549 737 662 777 rates
692 746 847 777 curvae
875 737 917 776 et
944 733 1020 776 leti
1049 732 1286 788 praetexite
1315 745 1468 775 causas

274 812 326 843 eo
356 800 561 844 Aeneidis
588 801 660 855 IV,
703 802 781 842 172
820 801 963 843 allate.
1021 800 1108 843 Sed
1150 800 1387 854 praetexite
1425 800 1463 842 si
1503 799 1710 855 scribitur,

225 863 360 919 tetius
386 868 470 912 loci
510 868 766 912 sententiam
794 868 1086 924 pervertimus.
1144 868 1241 910 Non
1269 867 1380 910 enim
1417 871 1547 923 poeta
1575 880 1712 910 naves

210 932 220 968 f
229 925 504 985 adhortatur
522 940 568 978 ut
603 948 757 978 causas
793 935 940 978 mortis
980 936 1134 990 celent,
1184 935 1259 977 sed
1299 939 1344 977 ut
1382 948 1518 978 novas
1558 948 1713 977 causas

229 1005 381 1049 texant
408 1002 455 1045 id
482 1006 548 1046 est
577 1003 793 1059 aperiant,
828 1002 1207 1045 comminiscantur.
1263 1002 1492 1045 Hominum
1522 996 1710 1059 ipsorum

229 1067 293 1115 ita
320 1070 480 1114 ironice
508 1070 627 1114 addit
656 1071 824 1126 culpam
852 1083 965 1124 esse,
1004 1070 1119 1124 quod
1147 1070 1294 1113 mortis
1330 1083 1483 1113 causas
1512 1074 1711 1124 augeant,

63 1177 67 1179 Α
89 1158 158 1209 {5:2-
230 1130 391 1198 quippe
419 1138 492 1192 qui
520 1142 633 1181 terra
662 1151 747 1180 nen
782 1138 966 1184 contenti
995 1149 1111 1181 mare
1139 1141 1396 1192 percurrant.
1456 1136 1594 1188 Quam
1623 1137 1708 1180 loci

75 1200 161 1263 §ff
192 1211 196 1216 '
230 1200 483 1247 sententiam
531 1205 860 1248 Heimreichium
910 1205 1076 1257 (Novae
1124 1209 1288 1259 quaest.
1335 1205 1456 1259 Prop.
1504 1204 1708 1259 Symbola

78 1266 177 1323 ³⁶42,
229 1285 271 1327 p.
300 1263 401 1328 670)
440 1275 553 1315 recte
581 1272 850 1327 perspexisse
880 1272 1061 1314 arbitror
1090 1284 1185 1313 cum
1213 1271 1479 1314 emendaret:

431 1337 489 1381 ite
518 1342 634 1382 rates
663 1351 817 1381 curvae
847 1342 890 1381 et
918 1339 994 1381 leti
1022 1352 1134 1381 nunc
1162 1339 1293 1382 texite
1323 1351 1486 1381 causas.

343 1405 494 1460 Neque
523 1409 666 1449 tamen
695 1406 824 1462 plane
851 1406 915 1449 illi
935 1406 1153 1450 assentior.
1210 1406 1323 1449 Nam
1343 1405 1567 1449 formulam
1587 1405 1705 1448 illam

229 1473 435 1516 irrisionis
464 1487 592 1528 quam
611 1473 920 1517 Heimreichius
948 1486 1024 1529 per
1043 1475 1124 1528 „ite
1144 1478 1187 1516 ct
1206 1474 1338 1515 nunc“
1367 1473 1594 1528 expressit,
1631 1473 1708 1515 fal·
2005 1486 2031 1531 ξ

138 1573 142 1575 -
186 1553 324 1599 Δνιεωιι
362 1553 459 1584 esse
498 1554 552 1584 ex
591 1540 799 1596 exemplis
840 1554 951 1596 quae
980 1541 1095 1597 apud
1123 1540 1390 1596 Propertium
1416 1540 1708 1593 inveniuntur,
1990 1540 2031 1587 ἶ

230 1604 380 1651 elucet.
417 1608 503 1650 Aut
523 1608 634 1651 enim
655 1608 874 1651 collocatio
903 1609 942 1664 „i
962 1621 1075 1650 nunc
1103 1609 1168 1651 et“
1186 1608 1397 1651 invenitur
1417 1612 1491 1649 aut
1519 1608 1558 1661 „i
1577 1608 1709 1649 nunc“

231 1688 326 1719 eum
355 1675 628 1730 sequentibus
646 1669 909 1727 ‘davvdewog
939 1675 1222 1730 conjungitur:

325 1743 429 1800 I,·9‚
458 1744 504 1786 3:
548 1743 563 1785 i
593 1737 752 1797 quaeso
782 1746 825 1786 et
852 1742 994 1786 tristes
1023 1743 1127 1785 istos
1156 1754 1359 1798 compone
1386 1741 1554 1785 libellos
1567 1741 1611 1798 ³⁶)

228 1808 310 1864 ΠΙ,
336 1811 402 1866 27,
431 1812 506 1853 22:
549 1810 563 1853 i
594 1823 703 1853 nuuc
732 1813 774 1853 et
803 1814 948 1854 noctes
976 1810 1092 1852 disce
1121 1823 1294 1853 manere
1323 1809 1448 1853 domi.

230 1876 302 1932 IV,
334 1880 397 1932 17,
429 1880 502 1920 17:
553 1877 568 1920 i
596 1891 707 1920 nunc
735 1878 837 1920 tolle
866 1877 1032 1920 animos
1061 1881 1103 1920 et
1130 1882 1267 1920 tecum
1297 1876 1406 1932 finge
1434 1876 1688 1931 triumphos.

307 1961 310 1963 ¹
339 1946 436 1998 Iam
465 1944 663 1999 Ovidium
694 1945 920 1988 audiamus
949 1946 1022 1999 qui
1051 1958 1258 2000 persaepe
1287 1945 1362 1987 illa
1392 1944 1527 1999 figura
1555 1944 1706 1986 utitur:
1740 1983 1744 1986 .

287 2011 446 2056 heroid.
476 2012 553 2067 111,
581 2014 655 2055 24:
703 2012 719 2055 i
748 2025 861 2055 nunc
890 2015 932 2056 et
961 2012 1104 2068 cupidi
1132 2025 1285 2055 nomen
1315 2012 1498 2054 amantis
1526 2010 1650 2054 habe.

433 2080 547 2135 XVI,
578 2083 652 2123 57.
701 2080 716 2122 i
746 2093 857 2123 nunc
885 2084 927 2124 et
956 2080 1169 2136 Phrygiae
1197 2081 1282 2123 late
1310 2079 1559 2135 primordia
1567 2079 1708 2134 gentis

2013 1774 2031 1883 „amas-...2
2006 1725 2031 1750 2..
2020 1697 2031 1712 4
2014 1654 2031 1671 ,ω
2017 1587 2031 1639 [Α]

175 2199 179 2202 ,
702 2160 880 2202 cumque
910 2161 986 2191 suo
1015 2147 1234 2190 Priamum
1264 2147 1553 2190 Laomedonte
1582 2146 1708 2189 refer.

230 2207 484 2265 α’συιδέτως
516 2215 677 2258 heroid.
715 2215 786 2269 IV,
811 2217 900 2258 127.
940 2216 1037 2269 XII,
1067 2217 1148 2256 202
1178 2229 1261 2257 am.
1291 2216 1323 2269 I,
1344 2217 1380 2268 7,
1410 2216 1474 2256 35.
1503 2215 1580 2268 ΙΙΙ,
1611 2216 1648 2267 3,
1673 2217 1707 2256 1.

402 2282 473 2336 IV,
505 2284 605 2324 127.
653 2282 669 2323 i
698 2296 810 2325 nunc
839 2282 899 2324 sic
907 2281 1068 2337 meriti
1095 2282 1250 2324 lectum
1287 2294 1476 2324 reverere
1506 2280 1708 2335 parentis.

373 2349 471 2404 XII,
499 2351 604 2392 202:
652 2349 668 2390 i
696 2362 808 2392 nunc
836 2348 1062 2405 Sisyphias
1091 2349 1280 2405 improbe
1310 2348 1450 2391 confer
1479 2360 1594 2403 opes

285 2427 370 2459 am.
398 2417 430 2470 Ι,
461 2419 497 2471 7,
528 2419 605 2460 35:
653 2417 668 2459 i
697 2429 808 2459 nunc
837 2416 1085 2471 magnificos
1115 2416 1248 2459 victor
1286 2415 1431 2459 molire
1460 2415 1708 2470 triumphos

382 2482 459 2538 111,
488 2485 527 2538 3,
560 2486 603 2526 1:
652 2494 746 2527 esse
776 2483 879 2527 deos
907 2484 923 2526 i
952 2483 1077 2527 crede
1105 2483 1286 2540 (omissa
1305 2482 1532 2539 particula:
1566 2481 1707 2539 nunc).
2013 2487 2031 2530 <3

331 2548 483 2612 ⁴Quare
511 2550 618 2594 nihil
646 2554 804 2607 restat,
841 2551 924 2594 nisi
953 2555 1000 2594 ut
1029 2546 1304 2606 compositum
1334 2549 1451 2593 verbi
1479 2550 1651 2593 texendi
1680 2564 1708 2593 a

238 2731 241 2733 ,
340 2693 373 2739 ‘)
403 2693 493 2731 haec
515 2696 630 2733 verba
662 2696 816 2733 eandem
839 2696 913 2733 vim
937 2696 1071 2733 habere
1102 2707 1210 2742 quam
1240 2696 1431 2732 formulam
1465 2695 1498 2736 „i
1521 2706 1623 2732 nune
1647 2698 1705 2733 et“

225 2751 292 2812 qui
315 2749 413 2789 hune
432 2751 554 2789 locum
578 2753 805 2800 comparabit
827 2763 911 2791 eum
935 2753 1075 2790 heroid.
1099 2753 1166 2799 111,
1191 2755 1234 2788 24
1257 2751 1488 2799 perspiciet.'
