2031 2976
1421 9 1482 68 rt

350 191 457 246 sint,
505 188 578 245 qui
618 186 857 233 imitatione
895 184 1065 250 genuini
1115 186 1281 233 exordii
1319 186 1577 241 sententiani
1615 190 1701 254 *et

350 262 507 314 poetae
535 257 782 314 duplicavit.
1369 269 1372 271 ·
1691 268 1702 271 ‘⁷

914 324 989 379 111,
1020 327 1056 379 6,
1092 327 1285 369 11—122

557 394 612 436 At
641 393 742 436 dum
772 392 975 436 demissio
1005 393 1186 449 supplex
1215 393 1450 437 cervicibus
1476 385 1605 437 'ibam‘

656 459 851 503 dicebam
884 460 995 503 sicco
1026 460 1151 504 vilior
1179 473 1275 504 esse
1303 461 1413 505 lacu.

462 528 666 571 Nicolaus
696 527 897 571 Heinsius
926 529 968 570 in
998 528 1110 571 notis
1148 528 1303 572 criticis
1333 528 1391 571 ad
1421 528 1700 586 Propertium,
1748 527 1756 536 '

350 596 620 639 Burmannus
674 608 769 638 cum
817 595 962 639 libello
992 595 1086 651 ejus
1118 596 1419 649 „adversaria“
1451 596 1654 652 inscripto
1693 590 1840 652 edidit,

350 663 567 719 Guyetum
596 664 671 718 qui
702 676 849 706 versus
877 664 952 717 ΙΙΙ,
980 665 1016 719 6,
1051 666 1214 705 11-12
1245 668 1472 720 suspectos¹
1491 663 1642 707 habuit
1669 661 1772 722 refu

353 731 511 774 Contra
534 730 755 786 Gruppius
769 731 814 773 in
830 730 936 774 libro
958 730 1030 784 qui
1059 731 1300 775 inscribitur
1319 731 1505 786 „Minos“
1530 733 1588 788 (p.
1602 729 1703 789 509)
1717 728 1837 784 inum

349 797 631 855 reprehendit,
661 797 775 852 quod
803 811 889 840 non
918 802 1081 841 ceteros
1111 811 1279 853 quoque
1308 812 1457 842 versus
1486 811 1620 853 usque
1660 790 1848 852 adsverss't

350 879 443 908 sum
473 867 528 907 22
558 864 792 919 ejiciendos
822 865 1030 912 censuerit
1060 865 1220 922 quippe
1250 865 1324 920 qui
1368 879 1515 909 omnes
1555 866 1610 908 ab
1651 862 1853 925 excitate

349 936 504 988 poetae
534 932 676 975 animo
707 931 780 987 qui
810 945 834 975 e
863 932 1037 987 reliquis
1066 933 1259 976 versibus
1290 936 1516 989 appareat,
1554 932 1625 975 v'el
1653 926 1848 980 maxime-
1879 928 1909 944 ”

349 999 617 1042 dissentiant.
673 999 730 1042 At
750 998 990 1055 Gruppium
1020 1012 1186 1056 errasse
1216 1000 1422 1043 existimo.
1479 1000 1592 1043 Nam
1623 1012 1718 1042 cum
1746 1010 1839 1046 ver-

349 1067 467 1109 sibus
500 1068 666 1108 11—-16
696 1070 826 1121 poeta
855 1067 1117 1110 reconciliati
1147 1067 1305 1110 amoris
1333 1066 1506 1123 gaudiis
1544 1055 1915 1123 praecedentis

349 1134 553 1190 temporis
581 1133 872 1177 infelicitatem
903 1139 1110 1190 opponat,
1140 1134 1255 1189 quod
1283 1134 1508 1178 humiliore
1536 1133 1688 1190 spiritu
1715 1129 1855 1176 mise·
1882 1125 1906 1185 1⁴.

349 1214 443 1244 ram
474 1181 765 1245 condicffinem
795 1201 994 1244 describit
1026 1202 1121 1256 quis
1150 1206 1215 1244 est
1244 1203 1317 1256 qui
1345 1201 1550 1245 miretur?

465 1268 759 1311 Proximorum
788 1272 932 1311 autem
952 1281 1150 1311 versuum
1179 1279 1387 1317 conexum
1416 1269 1478 1312 ita
1496 1271 1635 1312 tuetur
1653 1266 1839 1310 Jacobus

352 1335 416 1393 (in
445 1335 663 1391 philologo
682 1335 737 1389 ΙΙ,
766 1349 807 1390 p.
828 1334 928 1392 462)
958 1340 1005 1377 ut
1034 1336 1224 1391 longiore
1253 1336 1512 1380 refutatione
1540 1348 1625 1377 non
1646 1333 1701 1378 sit
1720 1340 1839 1390 opus.
1924 1331 1933 1341 '
1968 1344 1981 1353 ‘²

348 1403 558 1457 Majorem
587 1415 689 1445 vero
719 1403 1002 1458 suspicionem
1042 1399 1193 1445 ultima
1231 1403 1424 1458 ejusdem
1463 1402 1629 1457 elegiae
1656 1394 1838 1444 disticha

348 1475 538 1513 movent:
579 1484 617 1513 v.
648 1471 836 1512 29—32:

555 1537 681 1580 Nunc
710 1537 767 1580 ad
796 1541 839 1580 te
869 1550 965 1581 mea
995 1538 1068 1580 lux
1097 1538 1244 1581 veniat
1272 1551 1370 1582 mea
1398 1538 1521 1581 litore
1549 1535 1675 1579 navis

656 1608 830 1646 servata
859 1617 916 1646 an
947 1605 1100 1647 mediis
1129 1605 1243 1647 sidat
1273 1609 1426 1649 onusta
1456 1602 1615 1647 vadis?

553 1669 714 1723 Quodsi
742 1671 849 1715 forte
878 1671 1026 1727 aliqua
1053 1672 1175 1715 nobis
1204 1672 1424 1717 mutabere
1453 1671 1580 1728 culpa

654 1738 910 1781 vestibulum
933 1739 1110 1794 jaceam
1139 1744 1330 1783 mortuus
1359 1743 1462 1783 ante
1490 1744 1631 1782 tuum.»

349 1807 406 1850 ad
436 1819 549 1860 quae
571 1805 669 1860 jam
690 1805 960 1849 Burmannus
988 1805 1109 1849 hiare
1139 1820 1308 1850 sensum
1338 1820 1417 1850 nec
1444 1806 1577 1849 libros
1605 1803 1846 1848 manuscri-
1886 1858 1902 1863 ⁷,

348 1878 445 1930 ptos
475 1885 553 1916 nee
584 1872 794 1928 Scaligeri
823 1873 1217 1929 interpretationem
1247 1887 1337 1917 rem
1366 1874 1494 1930 plane
1522 1873 1735 1916 illustrare
1763 1869 1838 1914 ad·
1900 1876 1987 1933 *ᾗ

349 1945 576 1984 notaverat
614 1940 673 1997 (p.
705 1940 819 1995 361).
879 1941 1037 1995 Neque
1058 1946 1156 1996 post
1187 1941 1477 1984 Burmannum
1519 1940 1598 1982 viri
1628 1940 1740 1982 docti
1771 1951 1837 1982 co·
1871 1965 1874 1971 ·
1917 1930 2006 2004 4³53*-

349 2021 505 2051 nexum
535 2007 812 2063 probabiliter
852 2008 1175 2063 expediverunt‚
1216 2021 1310 2051 cum
1334 2007 1431 2062 jam
1459 2007 1514 2050 de
1545 2006 1687 2049 verbis
1713 2017 1753 2048 v.
1781 2006 1837 2048 29
1904 2000 1979 2058 {f}

351 2074 561 2130 quomodo
592 2079 734 2118 essent
773 2075 1038 2118 restituenda
1079 2074 1124 2116 in
1154 2075 1348 2118 diversas
1385 2078 1531 2131 partes
1561 2073 1844 2120 discederent,

350 2143 461 2185 Nolo
490 2146 636 2186 tamen
667 2154 948 2197 quaecunque
978 2141 1034 2185 ab
1063 2142 1119 2185 iis
1147 2142 1282 2185 allata
1313 2146 1411 2185 sunt
1439 2152 1680 2196 recoquere,
1707 2152 1838 2196 unam
1957 2134 1974 2150 ‘

349 2210 503 2254 Jacobi
532 2210 924 2266 interpretationem
955 2210 1109 2253 afferre
1128 2210 1267 2266 liceat,
1298 2210 1371 2265 qui
1402 2209 1462 2266 (p.
1483 2207 1581 2266 158)
1611 2207 1691 2251 hoc
1710 2203 1837 2250 modo
1938 2250 1992 2269 5

349 2278 558 2334 explicat:
602 2291 714 2321 nunc
745 2277 916 2331 quidem
947 2281 1077 2333 poeta
1107 2289 1160 2321 ne
1188 2277 1233 2320 in
1264 2277 1407 2321 medio
1438 2290 1563 2320 cursu
1592 2275 1707 2319 venti
1739 2273 1859 2319 defi··

350 2346 466 2388 ciant
505 2340 681 2388 secundi
730 2344 940 2399 navisque
988 2345 1193 2388 subsistat
1231 2348 1274 2388 et
1312 2347 1593 2388 commoretur
1631 2344 1863 2402 precatur.‘
1887 2369 1895 2393 3
1915 2338 2000 2377 2

349 2412 437 2456 Sed
474 2416 607 2455 verba
641 2411 813 2464 „veniat
842 2412 900 2455 ad
929 2416 972 2455 te
992 2424 1090 2456 mea
1118 2412 1269 2454 navis“
1299 2425 1385 2454 non
1415 2414 1595 2469 possunt
1622 2409 1748 2461 aliter
1775 2415 1992 2474 ιω,

348 2479 506 2534 tellegi·
523 2479 654 2534 atque
700 2479 825 2522 navis
854 2492 950 2524 mea
989 2479 1047 2522 ad
1086 2483 1130 2523 te
1169 2479 1293 2534 quasi
1321 2478 1366 2520 in
1395 2481 1562 2534 portum
1601 2475 1856 2532 invehatiu„
1870 2534 1874 2537 Β

349 2546 395 2589 id
425 2547 535 2601 quod
566 2546 782 2589 contraria
812 2545 1023 2590 sententia
1054 2546 1347 2590 confirmatur:
1824 2551 1834 2556 '

735 2627 791 2657 an
819 2613 936 2657 sidat
965 2613 1118 2658 mediis
1146 2613 1284 2657 vadis.

463 2682 667 2725 Precatur
695 2681 826 2735 igitur
854 2685 984 2737 poeta
1012 2685 1060 2724 ut
1088 2681 1234 2737 puella
1262 2680 1403 2738 ipsum
1432 2679 1615 2740 benigne
1639 2676 1837 2737 excipis&
