2031 2976
204 198 208 201 ’
228 179 233 181 ’
301 183 439 226 locum
458 165 461 169 ⁴
480 181 619 225 tuetur
647 175 828 225 Ovidius
865 177 939 237 qui
977 180 1021 224 in
1038 181 1046 186 ”
1061 176 1192 241 simili
1229 175 1541 235 &nox-Um

302 250 405 294 viris
435 244 637 306 deceptas
666 248 749 292 has
778 254 864 293 tres
893 249 1022 293 refert
1052 251 1134 292 Ars
1162 250 1239 304 m,
1268 250 1343 292 33:
1542 248 1573 301 il]
1591 249 1611 289 ἐ

439 320 675 360 Phasidiam
703 323 868 360 matrem
896 316 1036 359 fallax
1063 315 1224 359 dimisit
1249 316 1348 360 Iaso
1461 322 1496 333 ·“

505 383 623 427 venit
651 384 697 426 in
727 383 936 426 Aesonios
966 384 1104 426 altera
1133 388 1268 439 nupta
1297 388 1427 426 sinus.

437 449 652 500 Quantum
681 450 726 491 in
756 453 799 492 te
829 449 998 492 Theseu
1028 450 1220 495 volucres
1250 454 1450 493 Ariadna
1463 432 1665 498 marinas·

504 515 625 572 pavit
655 517 697 559 in
727 517 871 572 ignoto
903 517 994 560 sola
1024 517 1176 560 relicta
1204 518 1316 560 loco!

438 583 606 637 Quaere
636 597 788 628 novem
818 597 891 627 cur
920 598 1006 627 una
1035 585 1134 628 viae
1165 583 1363 628 dicantur
1391 588 1434 628 et
1464 583 1565 628 audi
1596 593 1601 595 ·
1660 576 1663 578 ’

504 652 713 709 depositis
744 653 875 696 silvas
896 657 1094 706 Phyllida
1122 652 1247 696 flesse
1275 652 1417 696 comis.
1614 660 1617 661 ’

301 721 456 775 quibus
486 720 698 762 Didonem
730 720 850 763 addit
879 734 917 763 v.
939 722 1105 762 39—40
1136 733 1189 763 ex
1219 720 1408 763 Aeneide
1437 724 1537 804 tunc
1565 686 1662 776 (cf.
1666 765 1677 773 ,

300 788 370 831 lib.
391 788 445 842 II,
477 787 690 842 533—36)
722 787 1008 830 notissimam:
1519 818 1533 828 κ
1699 834 1702 836 ,

434 855 490 898 Et
518 853 680 898 famam
710 854 884 911 pietatis
913 854 1050 911 habet,
1079 859 1220 898 tamen
1252 854 1409 911 hospes
1437 858 1481 898 et
1510 866 1660 898 ensem
1725 882 1736 890 ι
1795 873 1798 880 ·

503 922 700 977 praebuit
729 928 772 965 et
801 936 977 965 causam
1010 923 1154 964 mortis
1184 927 1319 965 Elissa
1349 927 1460 965 tuae.

413 989 510 1032 Non
539 993 605 1032 est
633 989 808 1032 dubium
839 989 941 1044 quin
971 988 1149 1032 Ovidius
1186 989 1243 1031 ad
1272 989 1383 1032 hunc
1403 989 1622 1045 Propertii
1649 986 1803 1036 locum
1804 1017 1822 1045 3.
1890 1040 1897 1048 ⁴

299 1057 544 1113 respexerit,
575 1057 825 1112 praesertim
856 1057 899 1099 in
929 1061 1049 1099 tanta
1078 1070 1276 1110 versuum
1309 1056 1606 1100 similitudine:

356 1125 479 1180 Prop.
510 1125 586 1178 III,
620 1126 682 1178 19,
714 1124 780 1166 30.
812 1130 853 1167 et
883 1125 1007 1166 modo
1038 1129 1207 1167 servato
1236 1130 1326 1168 sola
1356 1130 1502 1168 relicta
1532 1124 1634 1166 viro.

355 1191 431 1235 Ov.
469 1192 551 1235 Ars
592 1192 675 1246 III,
718 1193 783 1235 36.
813 1191 933 1247 pavit
963 1191 1006 1234 in
1035 1191 1178 1247 ignoto
1209 1197 1298 1235 sola
1326 1197 1476 1236 relicta
1504 1191 1609 1235 loco.
1837 1234 1884 1257 w,

298 1272 415 1313 cum,
454 1260 492 1301 si
531 1259 626 1313 quis
663 1272 716 1301 ex
747 1258 898 1301 Ovidio
935 1260 1031 1301 illos
1060 1273 1207 1301 versus
1239 1259 1447 1314 Propertii
1476 1259 1817 1320 interpolasse&

299 1338 372 1368 cur.
392 1326 633 1382 exemplum
653 1326 834 1381 Elissae,
864 1325 977 1381 quod
997 1325 1174 1370 Ovidius
1196 1326 1282 1368 illis
1302 1325 1478 1381 addidit,
1499 1326 1702 1369 omissum
1722 1322 1817 1418 sit,

298 1406 473 1436 causam
502 1393 665 1435 nullam
696 1392 924 1435 inveniam.

860 1461 937 1517 111,
967 1463 1031 1516 21,
1061 1463 1149 1503 9-
1162 1464 1227 1505 20.

355 1530 393 1570 9.
435 1527 556 1579 Quae
585 1532 673 1570 tum
706 1540 785 1581 ego
816 1495 1014 1583 Neptuno
1045 1541 1157 1582 quae
1185 1532 1273 1570 tum
1303 1541 1397 1571 cum
1429 1528 1607 1571 Castore
1637 1526 1783 1574 fratri
1815 1524 1891 1582 ·†j{f'³

502 1608 701 1650 quaeque
731 1595 808 1638 tibi
840 1595 987 1651 excepi
1017 1601 1104 1638 tum
1135 1595 1217 1639 dea
1246 1595 1504 1639 Leucothoe!
1871 1601 1877 1610 ‘

434 1664 492 1704 At
521 1666 568 1704 tu
598 1663 671 1705 vix
700 1663 862 1718 primas
891 1663 1100 1706 extollens
1128 1663 1295 1717 gurgite
1324 1654 1495 1718 palmas

501 1742 633 1786 saepe
662 1744 802 1774 meum
833 1744 986 1774 nomen
1008 1730 1104 1786 jam
1136 1731 1326 1787 peritura
1354 1743 1496 1774 vocas.

433 1796 596 1848 Quodsi
627 1798 734 1840 forte
763 1802 858 1840 tuos
887 1797 1064 1840 vidisset
1094 1797 1284 1840 Glaucus
1313 1798 1470 1840 ocellos

500 1878 619 1909 esses
650 1865 762 1909 Ionii
791 1865 905 1908 facta
935 1865 1080 1921 puella
1109 1866 1252 1909 maris

433 1933 488 1974 Et
517 1932 610 1974 tibi·
625 1932 678 1974 ob
708 1932 916 1974 invidiam
946 1932 1153 1975 Nereides
1182 1932 1494 1988 increpitarent,

501 1998 691 2043 candida
721 2000 891 2043 Nesaee
922 2000 1093 2043 caerula
1123 2000 1368 2056 Cymothoe.

433 2067 520 2110 Sed
548 2067 625 2111 tibi
657 2067 847 2110 subsidio
877 2067 1124 2123 delphinum
1154 2080 1321 2111 currere
1349 2066 1438 2110 vidi

501 2136 574 2189 qui
604 2139 707 2190 puto
737 2134 958 2177 Arioniam
989 2140 1165 2192 vexerat
1195 2140 1295 2178 ante
1323 2136 1472 2191 lyram.

431 2201 618 2257 Jamque
648 2216 727 2258 ego
758 2202 947 2246 conabar
976 2217 1140 2246 summo
1171 2216 1238 2246 me
1267 2202 1434 2246 mittero
1465 2208 1572 2245 saxo

500 2284 594 2313 cum
626 2270 732 2313 mihi
761 2270 960 2313 discussit
989 2270 1095 2313 talia
1123 2271 1218 2313 visa
1247 2274 1395 2321 metus.
1813 2312 1815 2316 .

408 2338 633 2382 Neminem
664 2338 851 2393 effugere
881 2343 1020 2394 potest
1049 2352 1252 2382 conexum
1289 2338 1437 2382 horum
1467 2345 1664 2381 versuum
1675 2352 1687 2386 ζ
1700 2349 1812 2380 non‘·

295 2407 502 2449 cdnstare.
551 2405 719 2461 Etenim
740 2418 851 2460 quae
872 2409 938 2448 es't
967 2419 1098 2449 causa
1127 2419 1200 2449 cur
1220 2410 1357 2467 poeta
1378 2418 1490 2449 saxo
1521 2417 1567 2447 se
1595 2403 1822 2464 dejiciat,

249 2511 255 2518 .
295 2472 507 2528 siquidem
528 2471 777 2530 delphinum
796 2473 965 2528 puellae
986 2472 1148 2516 auxilio
1178 2473 1417 2517 venientem
1447 2470 1587 2515 vidit‘?
1642 2469 1756 2525 Qua‘
1778 2473 1780 2475 ’

294 2553 380 2584 ιιοιι
411 2545 477 2584 est
506 2540 682 2584 dubium
713 2540 816 2595 quin
845 2540 1152 2585 Heimreichius
1182 2540 1364 2598 (quaest.
1386 2541 1508 2595 Prog.
1536 2554 1576 2596 p.
1596 2534 1759 2585 40—'41

294 2612 408 2652 recte
429 2607 712 2664 judicaverit,
750 2609 823 2664 qui
852 2621 1001 2652 versus
1035 2610 1197 2652 17—18
1228 2607 1509 2665 interpolatos
1539 2619 1633 2654 esse
1661 2601 1753 2660 dix·

293 2676 498 2724 Fortasse
535 2689 606 2720 ne.
627 2676 936 2733 praecedentes
976 2677 1147 2731 quidem
1188 2678 1337 2720 versus
1376 2668 1718 2739 (13—16)-ser{3

1666 445 1686 454 -v
