2031 2976
851 195 923 257 ιν,
953 197 1019 258 22,
1051 198 1172 245 1—-6,

437 269 589 324 rigida>
603 260 693 312 tam
723 269 878 312 multos
907 262 1068 325 placuit
1097 269 1173 311 tibi
1203 267 1381 324 Cyzicus
1410 268 1557 322 annos,

368 388 373 392 ‚
525 335 670 393 Tulle,
699 331 983 392 Propontiaca
1014 346 1100 391 qua
1129 335 1220 378 fluit
1247 336 1432 379 Isthmus
1462 348 1586 390 aqua.

402 403 643 461 Dindymus
672 408 715 447 et
744 416 867 447 sacra
896 403 1107 447 fabricata
1136 417 1159 446 e
1190 403 1275 446 vite
1307 403 1478 458 Cybebe
1487 402 1532 457 *)

282 491 300 528 J?
536 471 806 527 raptorisque
835 471 932 514 tulit
962 484 1046 525 qua
1078 471 1150 513 via
1179 470 1290 513 Ditis
1318 483 1461 524 equos.

345 549 359 567 ⁵
382 538 450 582 Si
479 543 521 583 te
549 538 656 582 forte
678 538 834 598 juvant
862 538 1008 582 Helles
1036 537 1363 581 Athamantidos
1393 538 1517 581 urbes

312 614 315 620 '
341 610 345 613 ’
537 619 616 650 nec
645 606 868 660 desiderio,
898 606 1033 660 Tulle,
1062 618 1232 648 movere
1261 618 1366 660 meo,

404 674 471 716 Tu
497 673 596 717 licet
625 673 844 729 adspicias
874 686 960 727 seq.

294 764 320 787 a
381 756 553 806 Initium
582 763 745 822 elegiae
774 762 905 805 variis
943 762 997 805 de
1039 762 1179 805 causis
1218 762 1495 818 suspiciosum
1527 765 1602 804 est.
1661 762 1748 807 Pri-

297 843 382 895 ¹um
410 830 538 886 igitur
565 843 713 874 versus
737 833 843 872 1-4
872 830 1001 885 plane
1031 830 1283 885 supervacui
1314 834 1422 884 sunt,
1451 843 1547 871 cum
1576 830 1634 872 ad
1654 844 1748 872 sen-

227 919 250 933 s
263 897 443 958 tentiam
474 898 609 952 quinti
638 910 786 941 versus
816 896 921 939 nihil
951 898 1142 940 afferant.
1201 899 1309 939 Tum
1329 897 1477 940 verba:
1507 897 1748 953 Dindymus

259 958 316 1023 et⁴
339 977 451 1019 quae
480 969 712 1019 sequuntur
742 978 837 1007 cum
866 965 1219 1020 praecedentibus
1240 965 1354 1006 nullo
1376 965 1501 1006 modo
1522 964 1749 1018 conjuncta

228 1055 231 1058 ·
264 1026 377 1084 vinunt.
431 1032 569 1075 Aliter
597 1032 768 1086 quidem
797 1032 852 1074 de
881 1031 963 1076 hac
991 1045 1037 1074 re
1066 1031 1278 1086 Hauptius
1307 1032 1496 1087 disputat
1524 1030 1685 1087 (opusc.
1706 1031 1749 1085 II

225 1092 308 1159 p.
336 1099 390 1142 63
411 1098 526 1159 seq.),
556 1100 629 1153 qui
659 1099 888 1142 secundum
918 1098 1127 1142 distichon
1149 1111 1242 1140 cum
1275 1099 1396 1141 tertio
1427 1099 1490 1141 ita
1520 1098 1749 1153 conjungit,

246 1165 325 1222 sut
341 1166 473 1213 verba
505 1166 566 1219 „si
594 1170 636 1209 te
653 1166 772 1217 ,forte
796 1166 973 1220 juvant“
1009 1160 1288 1208 ἇπόκοινοῦ
1317 1166 1457 1220 posita
1486 1165 1580 1208 sint.

241 1299 248 1303 ,
382 1244 468 1288 Sed
495 1245 539 1287 in
568 1244 650 1288 hac
679 1257 846 1299 quoque
875 1245 1098 1288 verborum
1129 1249 1337 1287 structura
1366 1245 1547 1299 primum
1577 1245 1747 1298 quidem

133 1317 149 1380 ²¹,
192 1316 200 1331 ·'
269 1312 479 1371 distichon
509 1325 536 1354 a
564 1312 770 1367 proximis
798 1312 927 1367 plane
957 1312 1140 1354 solutum
1178 1317 1220 1354 et
1260 1312 1437 1354 otiosum
1478 1325 1572 1354 esse
1601 1312 1749 1355 elucet.

385 1391 486 1434 Jam
516 1404 615 1435 vero
636 1391 816 1447 Hauptii
844 1392 1055 1435 sententia
1085 1390 1243 1446 rejecta
1264 1392 1301 1434 si
1321 1390 1466 1434 versus
1490 1394 1598 1439 1-4
1629 1404 1750 1435 accu-

259 1458 402 1502 ratius
431 1459 747 1502 consideramus
778 1471 831 1502 ne
862 1471 1067 1501 conexum
1089 1459 1258 1513 quidem
1291 1458 1492 1502 intereos
1512 1463 1554 1502 ct
1574 1471 1749 1513 sequen-

223 1547 225 1549 ·
268 1530 334 1570 tes
361 1526 601 1570 inteccdere
629 1526 900 1582 reperiemus.
958 1526 1068 1569 Nam
1092 1526 1300 1580 quomodo
1325 1526 1401 1568 illa
1421 1539 1618 1569 versuum
1642 1529 1749 1568 1-4

270 1594 500 1638 sententia:
525 1593 618 1648 jam
638 1597 701 1636 tot
719 1607 866 1645 annos,
887 1594 1021 1647 Tulle,
1051 1594 1308 1636 amoenitate
1336 1594 1505 1636 illarum
1530 1594 1749 1649 regionum

270 1661 506 1706 delectatus
534 1674 581 1705 es
610 1664 713 1704 cum'
736 1661 946 1704 sententia
976 1661 1263 1716 proximorum
1293 1674 1510 1704 versuum:
1555 1662 1749 1716 quamvis

264 1729 394 1774 ,urbes
421 1728 693 1786 Propontiaci
731 1729 864 1771 maris
907 1728 984 1771 tibi
1012 1728 1232 1784 placeant,
1272 1729 1412 1771 nullus
1451 1733 1594 1771 tamen
1631 1728 1749 1771 locus

269 1797 431 1840 Romae
460 1793 772 1851 pulchritudine
800 1799 1012 1851 praestat,
1043 1795 1290 1849 cohaereat,
1319 1796 1515 1849 equidem
1544 1809 1627 1837 non
1656 1809 1748 1851 per-

269 1860 414 1921 spicia
473 1862 567 1906 Huc
597 1862 761 1906 accedit
791 1862 905 1917 quod
933 1866 1061 1918 poeta
1089 1862 1134 1905 in
1163 1875 1288 1906 versu
1328 1863 1474 1917 quinto
1503 1867 1664 1906 tantum
1695 1862 1748 1905 de

259 1934 435 1987 urbibus
465 1931 737 1987 Propontiaci
766 1931 897 1974 maris
926 1930 1128 1986 loquitur,
1168 1935 1398 1974 ceterorum
1430 1943 1541 1985 quae
1580 1943 1749 1986 praece-

110 2054 114 2058 .
217 2020 221 2026 ·
269 1999 396 2043 dunt:
429 1998 658 2054 „Dindymi
687 1999 859 2053 montis,
889 2011 1103 2042 sacrorum
1134 1998 1354 2054 Cybebae,
1382 1999 1480 2041 viae
1508 1999 1610 2041 illae
1639 2010 1750 2052 quae

100 2062 204 2117 ³322
267 2065 395 2110 Ditis
424 2067 608 2123 raptoris
647 2079 780 2121 equos
822 2065 947 2109 tulit“
1001 2067 1167 2109 ratione
1207 2066 1323 2109 nulla
1367 2066 1532 2121 habita,
1577 2079 1662 2120 qua
1702 2079 1749 2109 re

125 2138 174 2184 ‘5'
267 2127 467 2177 nimirum
498 2134 703 2189 ostendit,
733 2134 788 2176 ab
817 2133 898 2176 hoc
927 2135 1095 2176 demum
1127 2147 1252 2177 versu
1280 2134 1459 2188 elegiam
1490 2133 1656 2175 initium
1687 2146 1749 2177 ce-

93 2215 157 2262 ,j
192 2202 194 2205 ’
247 2201 396 2257 pisse.
453 2201 558 2244 Inde
586 2200 716 2244 etiam
754 2197 1051 2256 repetitionem
1091 2201 1274 2243 nominis
1305 2201 1417 2243 Tulli
1447 2215 1483 2242 v.
1514 2202 1539 2241 2
1569 2204 1611 2243 et
1640 2215 1677 2244 v.
1711 2202 1750 2243 6.

102 2286 119 2296 κ
147 2264 181 2331 ‘¹
202 2284 204 2286 ·
228 2264 241 2289 Γ
269 2271 406 2311 ortam
435 2280 531 2311 esse
551 2267 712 2322 judico,
743 2280 853 2322 quae
883 2268 1052 2311 etiamsi
1081 2269 1178 2325 ipsa
1207 2281 1284 2324 per
1303 2260 1462 2310 nullam
1495 2267 1622 2310 habet
1641 2267 1747 2310 diffi-

105 2324 143 2339 Δ
269 2336 471 2389 cultatem
500 2335 551 2380 cf.
579 2336 703 2391 Prop.
732 2337 764 2390 Ι,
797 2320 859 2392 1⁸3,
888 2338 926 2379 2.
957 2339 994 2379 4.
1033 2340 1177 2379 tamen
1220 2337 1256 2378 si
1285 2337 1341 2379 ad
1375 2336 1562 2390 reliquas
1592 2339 1749 2378 causas

247 2403 434 2448 'accedit
448 2403 746 2461 'suspicionem
777 2407 917 2459 auget.
974 2404 1168 2458 Denique
1198 2408 1243 2446 ut
1272 2404 1329 2446 ad
1348 2403 1477 2447 verba
1506 2402 1602 2459 ipsa
1632 2415 1750 2446 acce-

270 2470 422 2514 damus
450 2475 623 2528 praeter
651 2465 850 2526 frigidam
881 2471 1081 2527 Cyzicum
1109 2485 1257 2514 versus
1294 2470 1419 2526 primi
1448 2483 1573 2524 quam
1605 2475 1651 2512 ut
1679 2483 1749 2513 ex-

107 2554 202 2583 <
264 2537 477 2598 plicarent
514 2535 671 2594 frigida
711 2538 1054 2595 excogitaverunt
1095 2538 1388 2589 Broukhusius
1428 2538 1484 2596 (p.
1515 2537 1615 2595 313)
1644 2538 1748 2581 Bur-

384 2705 422 2750 ·)
442 2706 502 2743 Ita
523 2707 710 2753 Hauptins
733 2707 942 2744 Muellerus.
1594 2702 1614 2716 ν
