2031 2976
246 169 263 174 ,.
290 181 324 207 ¹.
494 149 621 207 ,qm
644 145 677 193 a
655 112 861 200 codice-
872 149 1179 210 Neapohtano

137 246 141 253 -
176 259 192 267 s
280 247 283 250 -
328 204 502 263 codicis
514 212 785 274 Groningani
817 211 940 273 nulla
965 210 1273 275 sententiarum
1299 231 1349 269 ιι,
1415 263 1419 265 Δ

327 285 448 330 fictus
467 280 544 342 est,
573 298 702 341 quam
717 285 1018 341 quaestionem
1037 285 1279 331 accinatius
1301 278 1472 345 excussi
1506 311 1539 345 ⁸..

327 352 511 409 (quaest.
515 352 663 409 Prop.
690 366 731 409 p.
751 351 906 410 7-8).
962 352 1029 397 De
1056 352 1250 398 versibus
1277 352 1351 409 IV,
1380 355 1418 411 7,
1445 353 1510 406 25

533 423 667 466 Tecta
695 421 933 479 superciliis
962 421 1175 477 siquando
1205 421 1337 466 verba
1365 418 1556 480 remittis
1586 476 1588 479 .
1638 469 1676 483 ἱ,

598 492 674 534 aut
702 493 780 534 tua
807 503 903 534 cum
932 489 1077 547 digitis
1107 490 1267 548 scripta
1295 488 1463 538 silenda
1483 492 1627 545 notas.
1638 482 1681 524 ³²⁷

327 558 604 602 Lachmanno
625 558 699 613 qui
718 571 801 602 eos
811 558 978 614 spurios
998 571 1094 602 esse
1113 558 1406 615 comprobavit
1425 557 1512 615 (ed.
1525 551 1604 601 181

327 626 464 682 primo
493 626 725 670 assentitur
752 625 940 670 Jacobus
969 624 1028 683 (p.
1053 625 1164 683 194).
1220 625 1341 683 Idem
1373 630 1530 683 postea
1558 638 1605 670 se

327 693 510 736 mutavit
555 697 597 736 et
635 694 731 737 illos
768 707 917 737 versus
963 697 1109 736 contra
1149 693 1482 738 Lachmannum
1521 693 1599 741 def
1621 744 1627 746 .
1647 739 1676 750 λ,

327 761 475 817 philol.
501 762 555 816 H,
574 775 614 818 p.
635 763 718 804 446
749 760 853 818 seq.)
894 761 970 804 sed
1009 774 1183 818 operam
1222 760 1326 804 mihi
1366 760 1536 817 quidem
1566 753 1668 817 ‘'c-fis?

327 829 507 873 videtur.
564 829 759 885 Denique
778 843 833 872 ne
863 829 965 884 quid
984 833 1253 885 praeteream
1283 829 1396 884 quod
1415 830 1470 873 de
1497 829 1580 872 hac
1596 841 1655 876 re
1714 882 1738 890 ,-

328 901 416 940 tum
447 901 534 953 est,
551 897 658 941 duos
686 897 779 941 loco
807 898 1005 941 safferam
1035 910 1141 953 quos
1159 897 1469 942 Heimreiehius
1487 895 1738 953 indagavit

328 967 367 1020 9,
397 967 574 1008 23—26
605 965 785 1021 (quaest.
815 966 939 1021 P10p.
968 979 1008 1024 p.
1034 965 1239 1022 12—13).
1664 957 1669 962 “

714 1033 841 1076 Tibia
871 1034 1087 1076 nocturnis
1116 1033 1361 1077 succumbat
1388 1046 1526 1079 rauca
1549 1033 1725 1089 choreis,

768 1105 810 1144 et
839 1102 924 1143 sint
952 1100 1169 1156 nequitiae
1197 1101 1333 1144 libera
1361 1101 1492 1144 verba
1520 1104 1631 1156 tuae,
1671 1145 1680 1146 ι

710 1168 952 1224 Dulciaque
980 1169 1171 1245 ingratos
1192 1169 1386 1212 adimant
1415 1167 1612 1211 convivia
1631 1180 1813 1229 ⁸0an

768 1236 939 1292 publica
968 1235 1136 1279 vicinae
1164 1240 1401 1292 perstrepat
1429 1248 1536 1278 aura
1564 1235 1673 1279 viae.
1752 1246 1756 1248 ·

327 1303 398 1356 IV,
415 1304 481 1356 20,
501 1304 608 1345 18-
613 1304 675 1346 19.
706 1302 864 1359 (novae
895 1306 1056 1357 quaest.
1083 1303 1209 1359 Prop.
1239 1302 1426 1359 Symbol.
1455 1317 1496 1359 p.
1516 1301 1672 1359 681)

769 1375 811 1413 et
839 1375 967 1426 caput
995 1373 1174 1425 argutae
1201 1370 1407 1425 praebeat
1434 1369 1648 1426 historiae,
1813 1401 1817 1404 -

711 1438 803 1481 Nec
830 1437 947 1480 flenti
977 1437 1178 1480 dominae
1206 1437 1410 1493 patefiant
1437 1440 1560 1480 nocte
1588 1430 1821 1483 fenestrae.

327 1518 438 1561 quae
467 1505 638 1560 quidem
677 1504 758 1548 hoc
795 1505 889 1548 loco
926 1509 1130 1548 accurata
1170 1504 1539 1560 argumentatione
1567 1503 1637 1548 vel
1659 1492 1811 1569 conii}ib

326 1587 445 1617 mare
474 1574 542 1616 vel
561 1573 820 1628 redarguere
848 1574 1022 1628 longum
1043 1577 1118 1616 est.
1177 1572 1227 1615 Id
1249 1577 1392 1615 tamen
1413 1585 1466 1615 ex
1486 1571 1681 1615 omnibus
1700 1584 1820 1629 quas

325 1641 544 1696 disputavi
575 1653 786 1697 apparere
815 1641 1027 1696 existimo,
1064 1641 1193 1684 etiam
1222 1640 1487 1696 Propertium
1517 1640 1559 1685 in
1590 1639 1644 1682 iis
1673 1636 1812 1705 poetis

324 1708 633 1751 numerandum
664 1721 780 1764 esse,
816 1722 994 1763 quorum
1025 1709 1216 1752 carmina
1245 1708 1390 1767 multis
1418 1707 1717 1762 antiquissimo
1732 1740 1750 1765 .-

324 1780 571 1832 temporum
591 1775 991 1853 interpolationibus
1029 1775 1267 1818 deformata
1309 1779 1427 1831 sunt,
1466 1770 1727 1830 quamquam

325 1842 539 1885 nonnullis
574 1855 684 1897 quae
720 1843 801 1885 viri
830 1843 943 1886 docti
974 1856 1020 1885 e1
1021 1846 1190 1897 uerunt
1229 1842 1414 1885 dubitari
1442 1855 1569 1898 posse
1598 1841 1816 1925 quaedam.

325 1909 456 1955 etiam
486 1910 716 1954 refutanda
748 1923 843 1953 esse
871 1910 1052 1953 libenter
1082 1909 1276 1953 concedo.
1815 1917 1819 1920 ’
