2031 2976
232 617 235 633 ³
283 621 330 664 in
281 566 478 663 reoelibro
511 620 694 672 „erotica
731 620 949 662 Romana“
990 620 1192 675 inscripto
1232 612 1613 676 (Gryphiswaldae
1644 623 1663 662 1

217 741 224 747 ‘
283 686 494 744 Propertii
523 686 714 731 earmina
742 700 826 730 non
857 686 993 730 solum
1013 686 1218 744 laeunosa
1250 686 1326 731 sed
1354 687 1485 732 etiam
1514 687 1696 746 interpol
1746 742 1751 745 ,

283 767 379 800 esse
407 755 701 812 pronuntiavit
722 755 779 811 (p.
797 754 880 811 70).
928 754 1183 798 Aeouratius
1209 758 1352 798 autem
1372 754 1426 798 de
1445 754 1527 798 hae
1545 768 1592 798 re
1609 754 1775 815 primm

284 822 496 878 quaesivit
531 821 699 865 Keilius
739 821 1053 878 (quaestiones
1073 822 1381 878 Propertianae
1422 823 1597 865 Bennae
1635 802 1821 886 1843)5*3]ss‘

237 1021 244 1023 ἡ
282 957 456 1001 criticae
476 938 762 1012 subsldiums
753 955 1053 1012 interpolatum
1084 969 1178 999 esse
1202 956 1410 1012 exemplis
1439 956 1583 1000 allatis
1603 937 1772 1000 demon-

283 1023 446 1067 stravit.
504 1023 699 1066 Eandem
739 1024 1151 1078 argumentationem
1188 1025 1399 1079 persecuti
1431 1028 1529 1067 sunt
1558 1023 1748 1084 Hauptin

282 1089 346 1149 (in
375 1090 501 1133 indie.
519 1091 613 1134 leet.
631 1090 715 1133 hib.
740 1092 858 1146 1854,
892 1092 999 1133 1856
1030 1104 1161 1146 opusc
1181 1091 1234 1134 H.
1255 1105 1295 1147 p.
1318 1093 1371 1133 52
1392 1104 1479 1146 seq.
1498 1104 1538 1147 p.
1564 1094 1643 1133 101·
1663 1103 1751 1146 seq.

162 1184 192 1198 0
218 1214 220 1216 Ι
282 1162 326 1200 et
345 1157 654 1200 Heimreiehius
674 1156 967 1213 (quaestiones
995 1158 1302 1213 Propertianae
1331 1159 1507 1201 Bonnae
1538 1157 1667 1213 1863)
1688 1151 1783 1212 qui

283 1237 377 1268 eum
407 1225 606 1280 exempla
634 1224 839 1268 nonnulla
860 1237 972 1279 quae
1003 1237 1029 1267 a
1050 1224 1191 1268 Keilio
1213 1225 1372 1267 omissa
1395 1227 1526 1281 erant,
1554 1217 1801 1281 adderents‘

282 1291 576 1347 quaestionem
606 1293 724 1335 illam
756 1291 810 1335 de
835 1292 1102 1346 Groningani
1130 1292 1528 1348 interpolationibus
1558 1292 1616 1334 ad
1643 1292 1770 1354 finem
1812 1293 1891 1351 's

281 1359 580 1416 perduxerunt.
638 1359 738 1402 Jam
769 1372 868 1402 vero
899 1360 972 1401 vix
1012 1364 1076 1402 est
1115 1359 1306 1414 dubium,
1345 1360 1447 1413 quin
1476 1363 1645 1415 praeter
1671 1358 1794 1405 illas.
1844 1364 1887 1429 J

280 1426 631 1481 interpolationes
651 1438 762 1480 quae
792 1426 835 1468 in
866 1426 1011 1469 codiee
1032 1425 1308 1480 Groningano
1339 1426 1611 1470 inveniuntur
1639 1426 1769 1469 etiam'

281 1493 402 1536 multi
451 1506 599 1536 versus
641 1494 773 1549 spurii
819 1493 1128 1547 antiquissimis
1168 1494 1426 1548 temporibus
1477 1495 1522 1536 in
1561 1492 1770 1549 Propertii

270 1560 472 1603 earmina
500 1560 612 1620 illati
641 1560 736 1602 sint.
795 1561 907 1603 Nam
939 1573 1032 1602 eum
1073 1573 1219 1603 omnes
1248 1560 1335 1603 fere
1365 1564 1517 1617 poetas
1545 1556 1770 1620 Romanoa
1786 1579 1800 1620 3

280 1627 489 1684 imprimis
508 1640 670 1671 aureae
691 1628 848 1671 aetatis
867 1633 1018 1684 poetas
1047 1628 1091 1670 in
1114 1627 1269 1671 scholis
1288 1627 1501 1671 rhetorum
1531 1641 1615 1671 non
1633 1627 1769 1671 solum

280 1694 508 1750 diligenter
542 1699 748 1738 tractatos
786 1695 863 1738 sed
903 1695 1036 1738 etiam
1076 1708 1206 1751 saepe
1243 1695 1521 1751 interpolatos
1557 1707 1650 1739 esse
1679 1693 1782 1738 veri'
1807 1691 1892 1753 '45ss1ss

280 1762 336 1807 sit
354 1762 505 1817 simile,
534 1762 687 1805 mirum
718 1775 823 1805 sane
853 1767 977 1816 esset,
1007 1763 1043 1805 si
1072 1776 1099 1806 a
1126 1763 1344 1819 Propertio
1374 1763 1465 1806 solo
1495 1776 1669 1805 manum
1697 1755 1823 1813 ab-
1821 1762 1890 1823 ’ᾖξ’-

280 1829 548 1885 stinuissent‚
586 1830 838 1886 piaesertim
880 1843 973 1873 oum
1014 1831 1204 1873 earmina
1243 1832 1335 1886 ejus
1365 1834 1408 1874 et
1446 1833 1619 1886 propter
1648 1831 1788 1884 orna-J
1822 1831 1852 1886 ‘s
1870 1823 1872 1825 ’

261 1909 263 1911 ’
281 1901 468 1941 mentum
490 1897 742 1941 rhetoricum
763 1901 805 1940 et
824 1901 998 1953 propter
1017 1898 1254 1940 doctrinam
1276 1897 1617 1954 mythologieam‚
1640 1899 1789 1952 quain

278 1964 553 2027 doctissimus
570 1964 664 2019 ille
674 1968 803 2020 poeta
831 1977 959 2013 more
972 1964 1366 2025 Alexandrinorum„
1382 1964 1592 2019 jactabat,
1619 1962 1769 2012 facilli

262 2026 436 2075 *main
423 2031 478 2074 lis
506 2031 794 2087 interpolandi
833 2032 1097 2075 occasionem
1127 2033 1336 2076 offerrent.
1393 2031 1487 2083 Qua
1516 2031 1571 2075 de
1599 2043 1645 2075 re
1672 2039 1793 2087 eum

278 2099 414 2142 multa
443 2113 471 2142 a
500 2099 603 2142 viris
643 2098 780 2142 doctis
819 2099 863 2141 in
905 2100 1330 2142 commentationibus
1371 2099 1425 2142 de
1463 2098 1642 2154 singulis
1669 2085 1772 2142 Ριῑόέι
1819 2103 1821 2105 ’

277 2165 407 2223 pertii
436 2166 585 2221 elegiis
615 2165 775 2221 scripta
801 2169 966 2228 extent,
995 2179 1151 2222 operae
1175 2166 1359 2222 pretium
1389 2170 1476 2221 est,
1504 2164 1614 2208 hane
1642 2173 1772 2231 quae-⁴
1813 2176 1826 2183 “
1885 2137 1901 2238 Ξ

247 2550 249 2553 ,
274 2488 473 2546 numeros
512 2503 716 2547 editionis
745 2503 1051 2547 Muellerianae
1082 2504 1256 2559 Lipsiae
1289 2503 1417 2560 1870)
1447 2498 1666 2559 θΧθιιιΡΜ,

273 2569 471 2637 feremus.
528 2570 595 2613 Ab
635 2570 690 2612 iis
729 2573 873 2613 autem
912 2570 1103 2623 versibus
1145 2570 1257 2613 hane
1295 2569 1680 2648 disputa-ttionemg‘¹
