<?xml version="1.0" encoding="UTF-8"?>
<!DOCTYPE html PUBLIC "-//W3C//DTD XHTML 1.0 Transitional//EN"
    "http://www.w3.org/TR/xhtml1/DTD/xhtml1-transitional.dtd">
<html xmlns="http://www.w3.org/1999/xhtml" xml:lang="en" lang="en">
 <head>
  <title>
</title>
<meta http-equiv="Content-Type" content="text/html;charset=utf-8" />
  <meta name='ocr-system' content='tesseract 3.04.00' />
  <meta name='ocr-capabilities' content='ocr_page ocr_carea ocr_par ocr_line ocrx_word'/>
</head>
<body>
  <div class='ocr_page' id='page_1' title='image "4737877_0026.png"; bbox 0 0 2031 2976; ppageno 0'>
   <div class='ocr_carea' id='block_1_1' title="bbox 0 0 2020 414">
    <p class='ocr_par' dir='ltr' id='par_1_1' title="bbox 0 0 2020 414">
     <span class='ocr_line' id='line_1_1' title="bbox 0 0 2020 414; baseline 0 -67"><span class='ocrx_word' id='word_1_1' title='bbox 0 0 2020 414; x_wconf 95' lang='lat' dir='ltr'><strong>   </strong></span> 
     </span>
    </p>
   </div>
   <div class='ocr_carea' id='block_1_2' title="bbox 538 227 2020 347">
    <p class='ocr_par' dir='ltr' id='par_1_2' title="bbox 538 227 2020 347">
     <span class='ocr_line' id='line_1_2' title="bbox 538 227 2020 347; baseline 0 0"><span class='ocrx_word' id='word_1_2' title='bbox 538 227 2020 347; x_wconf 95' lang='lat' dir='ltr'><strong>  </strong></span> 
     </span>
    </p>
   </div>
   <div class='ocr_carea' id='block_1_3' title="bbox 246 228 1581 447">
    <p class='ocr_par' dir='ltr' id='par_1_3' title="bbox 209 227 1562 384">
     <span class='ocr_line' id='line_1_3' title="bbox 246 228 1529 317; baseline 0.002 -15.944"><span class='ocrx_word' id='word_1_3' title='bbox 246 228 247 231; x_wconf 8' lang='grc' dir='ltr'><strong>Ἴ</strong></span> <span class='ocrx_word' id='word_1_4' title='bbox 256 236 549 317; x_wconf 61' lang='lat' dir='ltr'><strong>repudientur</strong></span> <span class='ocrx_word' id='word_1_5' title='bbox 1525 300 1529 303; x_wconf 75' lang='grc'>,</span> 
     </span>
     <span class='ocr_line' id='line_1_4' title="bbox 294 295 1581 447; baseline 0.004 -79"><span class='ocrx_word' id='word_1_6' title='bbox 294 322 300 327; x_wconf 83' lang='lat'>&#39;</span> <span class='ocrx_word' id='word_1_7' title='bbox 372 323 504 368; x_wconf 87' lang='lat' dir='ltr'><strong>Aliud</strong></span> <span class='ocrx_word' id='word_1_8' title='bbox 551 323 805 403; x_wconf 80' lang='lat' dir='ltr'><strong>manifestae</strong></span> <span class='ocrx_word' id='word_1_9' title='bbox 846 314 1207 447; x_wconf 79' lang='lat' dir='ltr'><strong>interpolationis</strong></span> <span class='ocrx_word' id='word_1_10' title='bbox 1241 295 1518 409; x_wconf 80' lang='lat' dir='ltr'><strong>exemplum</strong></span> <span class='ocrx_word' id='word_1_11' title='bbox 1530 320 1581 373; x_wconf 85' lang='lat' dir='ltr'><strong>ii</strong></span> 
     </span>
    </p>
   </div>
   <div class='ocr_carea' id='block_1_4' title="bbox 0 347 2020 594">
    <p class='ocr_par' dir='ltr' id='par_1_4' title="bbox 0 347 2020 594">
     <span class='ocr_line' id='line_1_5' title="bbox 0 347 2020 440; baseline 0 -26"><span class='ocrx_word' id='word_1_12' title='bbox 0 347 2020 440; x_wconf 95' lang='lat' dir='ltr'><strong>  </strong></span> 
     </span>
     <span class='ocr_line' id='line_1_6' title="bbox 0 440 2020 594; baseline 0 -70"><span class='ocrx_word' id='word_1_13' title='bbox 0 440 257 594; x_wconf 95' lang='lat' dir='ltr'><strong>  </strong></span> <span class='ocrx_word' id='word_1_14' title='bbox 1606 440 2020 524; x_wconf 95' lang='lat' dir='ltr'><strong> </strong></span> 
     </span>
    </p>
   </div>
   <div class='ocr_carea' id='block_1_5' title="bbox 31 461 1974 2612">
    <p class='ocr_par' dir='ltr' id='par_1_5' title="bbox 250 461 449 503">
     <span class='ocr_line' id='line_1_7' title="bbox 250 461 449 503; baseline 0 -1"><span class='ocrx_word' id='word_1_15' title='bbox 250 461 449 503; x_wconf 79' lang='lat'>21—24</span> 
     </span>
    </p>

    <p class='ocr_par' dir='ltr' id='par_1_6' title="bbox 367 507 1541 718">
     <span class='ocr_line' id='line_1_8' title="bbox 367 507 1440 582; baseline 0.003 -13.074"><span class='ocrx_word' id='word_1_16' title='bbox 367 527 502 570; x_wconf 87' lang='lat' dir='ltr'><strong>Sunt</strong></span> <span class='ocrx_word' id='word_1_17' title='bbox 530 507 892 582; x_wconf 84' lang='lat' dir='ltr'><strong>Agamemnonias</strong></span> <span class='ocrx_word' id='word_1_18' title='bbox 921 528 1127 570; x_wconf 89' lang='lat' dir='ltr'><strong>testantia</strong></span> <span class='ocrx_word' id='word_1_19' title='bbox 1156 529 1284 571; x_wconf 90' lang='lat' dir='ltr'><strong>litora</strong></span> <span class='ocrx_word' id='word_1_20' title='bbox 1314 535 1440 572; x_wconf 70' lang='lat' dir='ltr'><strong>cuias</strong></span> 
     </span>
     <span class='ocr_line' id='line_1_9' title="bbox 489 592 1541 651; baseline 0.003 -14"><span class='ocrx_word' id='word_1_21' title='bbox 489 608 599 648; x_wconf 87' lang='lat' dir='ltr'><strong>quae</strong></span> <span class='ocrx_word' id='word_1_22' title='bbox 627 599 750 637; x_wconf 88' lang='lat' dir='ltr'><strong>notat</strong></span> <span class='ocrx_word' id='word_1_23' title='bbox 779 595 972 651; x_wconf 84' lang='lat' dir='ltr'><strong>Argynni</strong></span> <span class='ocrx_word' id='word_1_24' title='bbox 1001 609 1141 651; x_wconf 90' lang='lat' dir='ltr'><strong>poena</strong></span> <span class='ocrx_word' id='word_1_25' title='bbox 1170 592 1541 641; x_wconf 79' lang='lat' dir='ltr'><strong>Athamantiadae.</strong></span> 
     </span>
     <span class='ocr_line' id='line_1_10' title="bbox 391 661 1540 718; baseline 0.002 -13"><span class='ocrx_word' id='word_1_26' title='bbox 391 663 484 706; x_wconf 88' lang='lat' dir='ltr'><strong>Hoc</strong></span> <span class='ocrx_word' id='word_1_27' title='bbox 504 661 667 718; x_wconf 86' lang='lat' dir='ltr'><strong>juvene</strong></span> <span class='ocrx_word' id='word_1_28' title='bbox 696 662 856 709; x_wconf 85' lang='lat' dir='ltr'><strong>amisso</strong></span> <span class='ocrx_word' id='word_1_29' title='bbox 887 663 1066 706; x_wconf 80' lang='lat' dir='ltr'><strong>classem</strong></span> <span class='ocrx_word' id='word_1_30' title='bbox 1096 672 1181 706; x_wconf 90' lang='lat' dir='ltr'><strong>non</strong></span> <span class='ocrx_word' id='word_1_31' title='bbox 1212 663 1338 706; x_wconf 87' lang='lat' dir='ltr'><strong>solvit</strong></span> <span class='ocrx_word' id='word_1_32' title='bbox 1368 663 1540 708; x_wconf 85' lang='lat' dir='ltr'><strong>Atrides</strong></span> 
     </span>
    </p>

    <p class='ocr_par' dir='ltr' id='par_1_7' title="bbox 486 730 1415 788">
     <span class='ocr_line' id='line_1_11' title="bbox 486 730 1415 788; baseline 0.001 -15"><span class='ocrx_word' id='word_1_33' title='bbox 486 744 563 788; x_wconf 89' lang='lat' dir='ltr'><strong>pro</strong></span> <span class='ocrx_word' id='word_1_34' title='bbox 594 743 681 786; x_wconf 91' lang='lat' dir='ltr'><strong>qua</strong></span> <span class='ocrx_word' id='word_1_35' title='bbox 710 735 899 774; x_wconf 89' lang='lat' dir='ltr'><strong>mactata</strong></span> <span class='ocrx_word' id='word_1_36' title='bbox 930 735 995 774; x_wconf 87' lang='lat' dir='ltr'><strong>est</strong></span> <span class='ocrx_word' id='word_1_37' title='bbox 1025 730 1252 787; x_wconf 84' lang='lat' dir='ltr'><strong>Iphigenia</strong></span> <span class='ocrx_word' id='word_1_38' title='bbox 1282 745 1415 774; x_wconf 88' lang='lat' dir='ltr'><strong>mora.</strong></span> 
     </span>
    </p>

    <p class='ocr_par' dir='ltr' id='par_1_8' title="bbox 108 760 1871 1191">
     <span class='ocr_line' id='line_1_12' title="bbox 339 760 1747 855; baseline 0.002 -12"><span class='ocrx_word' id='word_1_39' title='bbox 339 800 403 843; x_wconf 90' lang='lat' dir='ltr'><strong>Ac</strong></span> <span class='ocrx_word' id='word_1_40' title='bbox 431 812 580 843; x_wconf 88' lang='lat' dir='ltr'><strong>versus</strong></span> <span class='ocrx_word' id='word_1_41' title='bbox 609 801 776 842; x_wconf 82' lang='lat'>23—24</span> <span class='ocrx_word' id='word_1_42' title='bbox 817 799 1051 843; x_wconf 85' lang='lat' dir='ltr'><strong>subditivos</strong></span> <span class='ocrx_word' id='word_1_43' title='bbox 1094 812 1188 843; x_wconf 88' lang='lat' dir='ltr'><strong>esse</strong></span> <span class='ocrx_word' id='word_1_44' title='bbox 1209 798 1307 855; x_wconf 88' lang='lat' dir='ltr'><strong>jam</strong></span> <span class='ocrx_word' id='word_1_45' title='bbox 1336 799 1524 843; x_wconf 87' lang='lat' dir='ltr'><strong>Jacobus</strong></span> <span class='ocrx_word' id='word_1_46' title='bbox 1546 760 1747 844; x_wconf 73' lang='lat' dir='ltr'><strong>aniniad</strong></span> 
     </span>
     <span class='ocr_line' id='line_1_13' title="bbox 125 866 1821 926; baseline -0.002 -13"><span class='ocrx_word' id='word_1_47' title='bbox 125 888 153 913; x_wconf 71' lang='lat'><strong>,¹</strong></span> <span class='ocrx_word' id='word_1_48' title='bbox 253 868 380 911; x_wconf 82' lang='lat' dir='ltr'><strong>vertit</strong></span> <span class='ocrx_word' id='word_1_49' title='bbox 407 866 466 924; x_wconf 89' lang='lat' dir='ltr'><strong>(p.</strong></span> <span class='ocrx_word' id='word_1_50' title='bbox 490 867 602 924; x_wconf 84' lang='lat'><strong>194),</strong></span> <span class='ocrx_word' id='word_1_51' title='bbox 631 867 969 923; x_wconf 84' lang='lat' dir='ltr'><strong>approbantibus</strong></span> <span class='ocrx_word' id='word_1_52' title='bbox 986 867 1197 910; x_wconf 88' lang='lat' dir='ltr'><strong>Lindnero</strong></span> <span class='ocrx_word' id='word_1_53' title='bbox 1226 867 1387 923; x_wconf 84' lang='lat' dir='ltr'><strong>(annal.</strong></span> <span class='ocrx_word' id='word_1_54' title='bbox 1406 867 1507 926; x_wconf 90' lang='lat' dir='ltr'><strong>phil.</strong></span> <span class='ocrx_word' id='word_1_55' title='bbox 1520 868 1561 911; x_wconf 93' lang='lat' dir='ltr'>X</span> <span class='ocrx_word' id='word_1_56' title='bbox 1582 881 1622 924; x_wconf 87' lang='lat' dir='ltr'><strong>p.</strong></span> <span class='ocrx_word' id='word_1_57' title='bbox 1638 866 1765 924; x_wconf 83' lang='lat'>837)</span> <span class='ocrx_word' id='word_1_58' title='bbox 1811 890 1821 910; x_wconf 85' lang='lat'><strong>:-</strong></span> 
     </span>
     <span class='ocr_line' id='line_1_14' title="bbox 108 931 1497 992; baseline 0.001 -15"><span class='ocrx_word' id='word_1_59' title='bbox 108 943 123 954; x_wconf 76' lang='lat'><strong><em>‘</em></strong></span> <span class='ocrx_word' id='word_1_60' title='bbox 173 945 178 950; x_wconf 88' lang='grc'><strong>’</strong></span> <span class='ocrx_word' id='word_1_61' title='bbox 209 988 212 991; x_wconf 26' lang='lat'>¹</span> <span class='ocrx_word' id='word_1_62' title='bbox 242 931 541 978; x_wconf 69' lang='lat' dir='ltr'><strong>&#39;Heimreichio</strong></span> <span class='ocrx_word' id='word_1_63' title='bbox 572 934 756 990; x_wconf 88' lang='lat' dir='ltr'><strong>(quaest.</strong></span> <span class='ocrx_word' id='word_1_64' title='bbox 787 935 909 990; x_wconf 88' lang='lat' dir='ltr'><strong>Prop.</strong></span> <span class='ocrx_word' id='word_1_65' title='bbox 938 949 978 990; x_wconf 89' lang='lat' dir='ltr'><strong>p.</strong></span> <span class='ocrx_word' id='word_1_66' title='bbox 1009 936 1119 977; x_wconf 88' lang='lat'>8-—9</span> <span class='ocrx_word' id='word_1_67' title='bbox 1150 934 1206 977; x_wconf 89' lang='lat' dir='ltr'><strong>ad</strong></span> <span class='ocrx_word' id='word_1_68' title='bbox 1238 935 1321 990; x_wconf 87' lang='grc' dir='ltr'>ΙΙΙ,</span> <span class='ocrx_word' id='word_1_69' title='bbox 1348 937 1411 991; x_wconf 89' lang='lat'><strong>16,</strong></span> <span class='ocrx_word' id='word_1_70' title='bbox 1441 933 1497 992; x_wconf 79' lang='grc'><strong>8).</strong></span> 
     </span>
     <span class='ocr_line' id='line_1_15' title="bbox 368 1001 1743 1046; baseline 0.001 -2"><span class='ocrx_word' id='word_1_71' title='bbox 368 1001 553 1044; x_wconf 86' lang='lat' dir='ltr'><strong>Primum</strong></span> <span class='ocrx_word' id='word_1_72' title='bbox 585 1002 699 1044; x_wconf 92' lang='lat' dir='ltr'><strong>enim</strong></span> <span class='ocrx_word' id='word_1_73' title='bbox 730 1015 879 1045; x_wconf 88' lang='lat' dir='ltr'><strong>versus</strong></span> <span class='ocrx_word' id='word_1_74' title='bbox 909 1003 1075 1043; x_wconf 86' lang='lat'>23—24</span> <span class='ocrx_word' id='word_1_75' title='bbox 1106 1015 1198 1043; x_wconf 92' lang='lat' dir='ltr'><strong>cum</strong></span> <span class='ocrx_word' id='word_1_76' title='bbox 1231 1004 1334 1044; x_wconf 89' lang='lat' dir='ltr'><strong>sono</strong></span> <span class='ocrx_word' id='word_1_77' title='bbox 1364 1005 1407 1044; x_wconf 92' lang='lat' dir='ltr'><strong>et</strong></span> <span class='ocrx_word' id='word_1_78' title='bbox 1435 1002 1583 1045; x_wconf 90' lang='lat' dir='ltr'><strong>habitu</strong></span> <span class='ocrx_word' id='word_1_79' title='bbox 1613 1002 1743 1046; x_wconf 89' lang='lat' dir='ltr'><strong>totius</strong></span> 
     </span>
     <span class='ocr_line' id='line_1_16' title="bbox 252 1060 1749 1127; baseline 0.001 -15"><span class='ocrx_word' id='word_1_80' title='bbox 252 1068 453 1112; x_wconf 75' lang='lat' dir='ltr'><strong>carminis</strong></span> <span class='ocrx_word' id='word_1_81' title='bbox 483 1069 598 1111; x_wconf 88' lang='lat' dir='ltr'><strong>male</strong></span> <span class='ocrx_word' id='word_1_82' title='bbox 628 1068 863 1123; x_wconf 83' lang='lat' dir='ltr'><strong>quadrant,</strong></span> <span class='ocrx_word' id='word_1_83' title='bbox 907 1069 950 1110; x_wconf 92' lang='lat' dir='ltr'><strong>in</strong></span> <span class='ocrx_word' id='word_1_84' title='bbox 982 1069 1064 1122; x_wconf 85' lang='lat' dir='ltr'><strong>quo</strong></span> <span class='ocrx_word' id='word_1_85' title='bbox 1096 1082 1305 1113; x_wconf 88' lang='lat' dir='ltr'><strong>summam</strong></span> <span class='ocrx_word' id='word_1_86' title='bbox 1342 1069 1475 1126; x_wconf 86' lang='lat' dir='ltr'><strong>animi</strong></span> <span class='ocrx_word' id='word_1_87' title='bbox 1504 1060 1749 1127; x_wconf 51' lang='lat' dir='ltr'><strong>commotio?</strong></span> 
     </span>
     <span class='ocr_line' id='line_1_17' title="bbox 251 1128 1871 1191; baseline 0.001 -11"><span class='ocrx_word' id='word_1_88' title='bbox 251 1148 349 1180; x_wconf 87' lang='lat' dir='ltr'><strong>nem</strong></span> <span class='ocrx_word' id='word_1_89' title='bbox 378 1135 519 1179; x_wconf 90' lang='lat' dir='ltr'><strong>inesse</strong></span> <span class='ocrx_word' id='word_1_90' title='bbox 548 1135 759 1191; x_wconf 91' lang='lat' dir='ltr'><strong>plurimae</strong></span> <span class='ocrx_word' id='word_1_91' title='bbox 789 1139 831 1179; x_wconf 90' lang='lat' dir='ltr'><strong>et</strong></span> <span class='ocrx_word' id='word_1_92' title='bbox 860 1136 1192 1178; x_wconf 78' lang='lat' dir='ltr'><strong>exclamationes</strong></span> <span class='ocrx_word' id='word_1_93' title='bbox 1221 1128 1568 1179; x_wconf 50' lang='lat' dir='ltr'><strong>et‘allocutiones</strong></span> <span class='ocrx_word' id='word_1_94' title='bbox 1597 1132 1742 1182; x_wconf 85' lang='lat' dir='ltr'><strong>testifi-</strong></span> <span class='ocrx_word' id='word_1_95' title='bbox 1762 1175 1772 1188; x_wconf 82' lang='lat'><strong>,</strong></span> <span class='ocrx_word' id='word_1_96' title='bbox 1796 1178 1803 1182; x_wconf 70' lang='grc'><strong>,</strong></span> <span class='ocrx_word' id='word_1_97' title='bbox 1833 1175 1839 1178; x_wconf 43' lang='grc'><strong>.</strong></span> <span class='ocrx_word' id='word_1_98' title='bbox 1866 1177 1871 1186; x_wconf 67' lang='lat'><em>„</em></span> 
     </span>
    </p>

    <p class='ocr_par' dir='ltr' id='par_1_9' title="bbox 31 1195 1974 2612">
     <span class='ocr_line' id='line_1_18' title="bbox 251 1203 1772 1260; baseline 0 -14"><span class='ocrx_word' id='word_1_99' title='bbox 251 1208 411 1246; x_wconf 89' lang='lat' dir='ltr'><strong>centur.</strong></span> <span class='ocrx_word' id='word_1_100' title='bbox 470 1203 589 1247; x_wconf 88' lang='lat' dir='ltr'><strong>Haec</strong></span> <span class='ocrx_word' id='word_1_101' title='bbox 619 1208 762 1247; x_wconf 89' lang='lat' dir='ltr'><strong>autem</strong></span> <span class='ocrx_word' id='word_1_102' title='bbox 794 1204 924 1246; x_wconf 88' lang='lat' dir='ltr'><strong>verba</strong></span> <span class='ocrx_word' id='word_1_103' title='bbox 953 1208 1042 1246; x_wconf 90' lang='lat' dir='ltr'><strong>tam</strong></span> <span class='ocrx_word' id='word_1_104' title='bbox 1068 1203 1216 1258; x_wconf 89' lang='lat' dir='ltr'><strong>jejune</strong></span> <span class='ocrx_word' id='word_1_105' title='bbox 1246 1204 1480 1260; x_wconf 85' lang='lat' dir='ltr'><strong>composita</strong></span> <span class='ocrx_word' id='word_1_106' title='bbox 1510 1209 1623 1258; x_wconf 89' lang='lat' dir='ltr'><strong>sunt,</strong></span> <span class='ocrx_word' id='word_1_107' title='bbox 1652 1207 1739 1247; x_wconf 88' lang='lat' dir='ltr'><strong>tam</strong></span> <span class='ocrx_word' id='word_1_108' title='bbox 1770 1217 1772 1220; x_wconf 73' lang='grc'>’</span> 
     </span>
     <span class='ocr_line' id='line_1_19' title="bbox 251 1267 1974 1331; baseline -0.001 -17"><span class='ocrx_word' id='word_1_109' title='bbox 251 1283 336 1314; x_wconf 91' lang='lat' dir='ltr'><strong>non</strong></span> <span class='ocrx_word' id='word_1_110' title='bbox 366 1271 565 1314; x_wconf 84' lang='lat' dir='ltr'><strong>affectum</strong></span> <span class='ocrx_word' id='word_1_111' title='bbox 594 1271 793 1327; x_wconf 84' lang='lat' dir='ltr'><strong>produnt,</strong></span> <span class='ocrx_word' id='word_1_112' title='bbox 824 1276 868 1313; x_wconf 90' lang='lat' dir='ltr'><strong>ut</strong></span> <span class='ocrx_word' id='word_1_113' title='bbox 897 1271 941 1313; x_wconf 89' lang='lat' dir='ltr'><strong>in</strong></span> <span class='ocrx_word' id='word_1_114' title='bbox 971 1270 1050 1313; x_wconf 92' lang='lat' dir='ltr'><strong>hoc</strong></span> <span class='ocrx_word' id='word_1_115' title='bbox 1081 1270 1387 1313; x_wconf 85' lang='lat' dir='ltr'><strong>sententiarum</strong></span> <span class='ocrx_word' id='word_1_116' title='bbox 1417 1283 1528 1313; x_wconf 89' lang='lat' dir='ltr'><strong>nexu</strong></span> <span class='ocrx_word' id='word_1_117' title='bbox 1558 1283 1586 1313; x_wconf 93' lang='lat' dir='ltr'><strong>a</strong></span> <span class='ocrx_word' id='word_1_118' title='bbox 1613 1267 1741 1327; x_wconf 78' lang='lat' dir='ltr'><strong>poeta</strong></span> <span class='ocrx_word' id='word_1_119' title='bbox 1781 1269 1798 1331; x_wconf 49' lang='lat' dir='ltr'>J</span> <span class='ocrx_word' id='word_1_120' title='bbox 1968 1325 1974 1331; x_wconf 25' lang='grc' dir='ltr'>ι</span> 
     </span>
     <span class='ocr_line' id='line_1_20' title="bbox 253 1330 1973 1394; baseline -0.002 -13"><span class='ocrx_word' id='word_1_121' title='bbox 253 1338 411 1394; x_wconf 88' lang='lat' dir='ltr'><strong>scripta</strong></span> <span class='ocrx_word' id='word_1_122' title='bbox 441 1352 537 1382; x_wconf 88' lang='lat' dir='ltr'><strong>esse</strong></span> <span class='ocrx_word' id='word_1_123' title='bbox 566 1342 808 1393; x_wconf 83' lang='lat' dir='ltr'><strong>nequeant3</strong></span> <span class='ocrx_word' id='word_1_124' title='bbox 839 1343 926 1381; x_wconf 91' lang='lat' dir='ltr'><strong>tum</strong></span> <span class='ocrx_word' id='word_1_125' title='bbox 958 1338 1062 1382; x_wconf 93' lang='lat' dir='ltr'><strong>haec</strong></span> <span class='ocrx_word' id='word_1_126' title='bbox 1092 1342 1181 1381; x_wconf 87' lang='lat' dir='ltr'><strong>tota</strong></span> <span class='ocrx_word' id='word_1_127' title='bbox 1212 1339 1442 1394; x_wconf 81' lang='lat' dir='ltr'><strong>explicatio</strong></span> <span class='ocrx_word' id='word_1_128' title='bbox 1472 1338 1647 1382; x_wconf 89' lang='lat' dir='ltr'><strong>fabulae</strong></span> <span class='ocrx_word' id='word_1_129' title='bbox 1666 1338 1737 1382; x_wconf 83' lang='lat' dir='ltr'><strong>mi·</strong></span> <span class='ocrx_word' id='word_1_130' title='bbox 1792 1366 1802 1385; x_wconf 55' lang='lat'><em>2</em></span> <span class='ocrx_word' id='word_1_131' title='bbox 1841 1330 1857 1378; x_wconf 74' lang='grc' dir='ltr'><strong>ζ·</strong></span> <span class='ocrx_word' id='word_1_132' title='bbox 1873 1334 1892 1373; x_wconf 68' lang='lat'><strong>3‘-</strong></span> <span class='ocrx_word' id='word_1_133' title='bbox 1959 1335 1973 1354; x_wconf 77' lang='lat'><strong>··²</strong></span> 
     </span>
     <span class='ocr_line' id='line_1_21' title="bbox 249 1396 1888 1462; baseline -0.001 -14"><span class='ocrx_word' id='word_1_134' title='bbox 249 1405 365 1462; x_wconf 75' lang='lat' dir='ltr'><strong>nime</strong></span> <span class='ocrx_word' id='word_1_135' title='bbox 395 1405 551 1448; x_wconf 89' lang='lat' dir='ltr'><strong>rationi</strong></span> <span class='ocrx_word' id='word_1_136' title='bbox 574 1405 784 1462; x_wconf 83' lang='lat' dir='ltr'><strong>Propertii</strong></span> <span class='ocrx_word' id='word_1_137' title='bbox 817 1405 1055 1461; x_wconf 87' lang='lat' dir='ltr'><strong>respondet,</strong></span> <span class='ocrx_word' id='word_1_138' title='bbox 1087 1405 1159 1459; x_wconf 90' lang='lat' dir='ltr'><strong>qui</strong></span> <span class='ocrx_word' id='word_1_139' title='bbox 1188 1406 1385 1461; x_wconf 85' lang='lat' dir='ltr'><strong>exempla</strong></span> <span class='ocrx_word' id='word_1_140' title='bbox 1404 1418 1458 1448; x_wconf 89' lang='lat' dir='ltr'><strong>ex</strong></span> <span class='ocrx_word' id='word_1_141' title='bbox 1479 1396 1741 1461; x_wconf 84' lang='lat' dir='ltr'><strong>mythologia</strong></span> <span class='ocrx_word' id='word_1_142' title='bbox 1874 1415 1888 1425; x_wconf 65' lang='lat'><strong><em>⁹</em></strong></span> 
     </span>
     <span class='ocr_line' id='line_1_22' title="bbox 250 1470 1740 1528; baseline -0.001 -12"><span class='ocrx_word' id='word_1_143' title='bbox 250 1474 389 1528; x_wconf 86' lang='lat' dir='ltr'><strong>petita</strong></span> <span class='ocrx_word' id='word_1_144' title='bbox 420 1481 505 1516; x_wconf 89' lang='lat' dir='ltr'><strong>non</strong></span> <span class='ocrx_word' id='word_1_145' title='bbox 536 1473 708 1516; x_wconf 90' lang='lat' dir='ltr'><strong>uberius</strong></span> <span class='ocrx_word' id='word_1_146' title='bbox 739 1472 925 1528; x_wconf 86' lang='lat' dir='ltr'><strong>exponit,</strong></span> <span class='ocrx_word' id='word_1_147' title='bbox 954 1473 1035 1515; x_wconf 87' lang='lat' dir='ltr'><strong>nisi</strong></span> <span class='ocrx_word' id='word_1_148' title='bbox 1068 1472 1143 1515; x_wconf 90' lang='lat' dir='ltr'><strong>illa</strong></span> <span class='ocrx_word' id='word_1_149' title='bbox 1173 1486 1267 1515; x_wconf 91' lang='lat' dir='ltr'><strong>cum</strong></span> <span class='ocrx_word' id='word_1_150' title='bbox 1298 1473 1473 1515; x_wconf 85' lang='lat' dir='ltr'><strong>consilio</strong></span> <span class='ocrx_word' id='word_1_151' title='bbox 1502 1472 1631 1515; x_wconf 83' lang='lat' dir='ltr'><strong>totius</strong></span> <span class='ocrx_word' id='word_1_152' title='bbox 1651 1470 1740 1515; x_wconf 54' lang='lat' dir='ltr'><strong>car*</strong></span> 
     </span>
     <span class='ocr_line' id='line_1_23' title="bbox 249 1540 1739 1596; baseline -0.001 -14"><span class='ocrx_word' id='word_1_153' title='bbox 249 1540 378 1582; x_wconf 90' lang='lat' dir='ltr'><strong>minis</strong></span> <span class='ocrx_word' id='word_1_154' title='bbox 406 1540 687 1583; x_wconf 88' lang='lat' dir='ltr'><strong>consentiunt.</strong></span> <span class='ocrx_word' id='word_1_155' title='bbox 738 1540 873 1583; x_wconf 79' lang='lat' dir='ltr'><strong>Velut</strong></span> <span class='ocrx_word' id='word_1_156' title='bbox 903 1540 1090 1582; x_wconf 90' lang='lat' dir='ltr'><strong>fabulam</strong></span> <span class='ocrx_word' id='word_1_157' title='bbox 1121 1540 1314 1582; x_wconf 88' lang='lat' dir='ltr'><strong>Herculis</strong></span> <span class='ocrx_word' id='word_1_158' title='bbox 1344 1543 1387 1582; x_wconf 91' lang='lat' dir='ltr'><strong>et</strong></span> <span class='ocrx_word' id='word_1_159' title='bbox 1415 1540 1554 1596; x_wconf 89' lang='lat' dir='ltr'><strong>Hylae</strong></span> <span class='ocrx_word' id='word_1_160' title='bbox 1577 1540 1644 1595; x_wconf 65' lang='lat'><strong>(1,</strong></span> <span class='ocrx_word' id='word_1_161' title='bbox 1673 1541 1739 1595; x_wconf 84' lang='lat'><strong>20,</strong></span> 
     </span>
     <span class='ocr_line' id='line_1_24' title="bbox 250 1607 1738 1662; baseline 0 -12"><span class='ocrx_word' id='word_1_162' title='bbox 250 1607 449 1662; x_wconf 83' lang='lat'>17—50)‚</span> <span class='ocrx_word' id='word_1_163' title='bbox 470 1621 565 1662; x_wconf 79' lang='lat' dir='ltr'><strong>qua</strong></span> <span class='ocrx_word' id='word_1_164' title='bbox 585 1607 758 1650; x_wconf 84' lang='lat' dir='ltr'><strong>Gallum</strong></span> <span class='ocrx_word' id='word_1_165' title='bbox 789 1608 973 1650; x_wconf 91' lang='lat' dir='ltr'><strong>amicum</strong></span> <span class='ocrx_word' id='word_1_166' title='bbox 1002 1607 1244 1661; x_wconf 83' lang='lat' dir='ltr'><strong>admoneat,</strong></span> <span class='ocrx_word' id='word_1_167' title='bbox 1274 1612 1319 1649; x_wconf 91' lang='lat' dir='ltr'><strong>ut</strong></span> <span class='ocrx_word' id='word_1_168' title='bbox 1349 1610 1540 1649; x_wconf 83' lang='lat' dir='ltr'><strong>amatum</strong></span> <span class='ocrx_word' id='word_1_169' title='bbox 1560 1619 1738 1662; x_wconf 88' lang='lat' dir='ltr'><strong>puerum</strong></span> 
     </span>
     <span class='ocr_line' id='line_1_25' title="bbox 249 1673 1738 1733; baseline 0 -17"><span class='ocrx_word' id='word_1_170' title='bbox 249 1673 496 1730; x_wconf 87' lang='lat' dir='ltr'><strong>diligentius</strong></span> <span class='ocrx_word' id='word_1_171' title='bbox 536 1674 771 1733; x_wconf 78' lang='lat' dir='ltr'><strong>custodiat,</strong></span> <span class='ocrx_word' id='word_1_172' title='bbox 817 1675 884 1717; x_wconf 88' lang='lat' dir='ltr'><strong>vel</strong></span> <span class='ocrx_word' id='word_1_173' title='bbox 913 1674 990 1729; x_wconf 90' lang='lat' dir='ltr'><strong>III,</strong></span> <span class='ocrx_word' id='word_1_174' title='bbox 1025 1677 1075 1716; x_wconf 88' lang='lat'><strong>10</strong></span> <span class='ocrx_word' id='word_1_175' title='bbox 1119 1678 1165 1716; x_wconf 91' lang='lat' dir='ltr'><strong>ut</strong></span> <span class='ocrx_word' id='word_1_176' title='bbox 1204 1686 1392 1716; x_wconf 90' lang='lat' dir='ltr'><strong>amorem</strong></span> <span class='ocrx_word' id='word_1_177' title='bbox 1422 1674 1614 1717; x_wconf 88' lang='lat' dir='ltr'><strong>Aurorae</strong></span> <span class='ocrx_word' id='word_1_178' title='bbox 1653 1683 1738 1728; x_wconf 78' lang='lat' dir='ltr'><strong>quo</strong></span> 
     </span>
     <span class='ocr_line' id='line_1_26' title="bbox 245 1740 1737 1797; baseline 0 -14"><span class='ocrx_word' id='word_1_179' title='bbox 245 1740 323 1784; x_wconf 88' lang='lat' dir='ltr'><strong>illa</strong></span> <span class='ocrx_word' id='word_1_180' title='bbox 361 1741 591 1784; x_wconf 86' lang='lat' dir='ltr'><strong>Tithonum</strong></span> <span class='ocrx_word' id='word_1_181' title='bbox 642 1755 787 1785; x_wconf 91' lang='lat' dir='ltr'><strong>senem</strong></span> <span class='ocrx_word' id='word_1_182' title='bbox 835 1742 999 1796; x_wconf 82' lang='lat' dir='ltr'><strong>foveat,</strong></span> <span class='ocrx_word' id='word_1_183' title='bbox 1049 1742 1232 1785; x_wconf 84' lang='lat' dir='ltr'><strong>duritiae</strong></span> <span class='ocrx_word' id='word_1_184' title='bbox 1274 1740 1486 1797; x_wconf 84' lang='lat' dir='ltr'><strong>Cynthiae</strong></span> <span class='ocrx_word' id='word_1_185' title='bbox 1538 1754 1624 1796; x_wconf 86' lang='lat' dir='ltr'><strong>qua</strong></span> <span class='ocrx_word' id='word_1_186' title='bbox 1661 1740 1737 1784; x_wconf 86' lang='lat' dir='ltr'><strong>illa</strong></span> 
     </span>
     <span class='ocr_line' id='line_1_27' title="bbox 247 1805 1736 1864; baseline 0 -14"><span class='ocrx_word' id='word_1_187' title='bbox 247 1805 390 1864; x_wconf 90' lang='lat' dir='ltr'><strong>ipsum</strong></span> <span class='ocrx_word' id='word_1_188' title='bbox 413 1808 620 1863; x_wconf 86' lang='lat' dir='ltr'><strong>juvenem</strong></span> <span class='ocrx_word' id='word_1_189' title='bbox 665 1809 873 1864; x_wconf 87' lang='lat' dir='ltr'><strong>stimulet,</strong></span> <span class='ocrx_word' id='word_1_190' title='bbox 913 1813 1113 1864; x_wconf 88' lang='lat' dir='ltr'><strong>opponat.</strong></span> <span class='ocrx_word' id='word_1_191' title='bbox 1173 1808 1259 1851; x_wconf 91' lang='lat' dir='ltr'><strong>Sed</strong></span> <span class='ocrx_word' id='word_1_192' title='bbox 1298 1807 1509 1863; x_wconf 92' lang='lat' dir='ltr'><strong>quomodo</strong></span> <span class='ocrx_word' id='word_1_193' title='bbox 1548 1811 1736 1851; x_wconf 86' lang='lat' dir='ltr'><strong>mactata</strong></span> 
     </span>
     <span class='ocr_line' id='line_1_28' title="bbox 243 1874 1737 1956; baseline -0.001 -37"><span class='ocrx_word' id='word_1_194' title='bbox 243 1875 322 1919; x_wconf 90' lang='lat' dir='ltr'><strong>illa</strong></span> <span class='ocrx_word' id='word_1_195' title='bbox 350 1875 575 1933; x_wconf 85' lang='lat' dir='ltr'><strong>Iphigenia</strong></span> <span class='ocrx_word' id='word_1_196' title='bbox 606 1890 700 1920; x_wconf 91' lang='lat' dir='ltr'><strong>cum</strong></span> <span class='ocrx_word' id='word_1_197' title='bbox 732 1877 864 1920; x_wconf 88' lang='lat' dir='ltr'><strong>Paeto</strong></span> <span class='ocrx_word' id='word_1_198' title='bbox 894 1889 1009 1931; x_wconf 88' lang='lat' dir='ltr'><strong>aqua</strong></span> <span class='ocrx_word' id='word_1_199' title='bbox 1040 1889 1178 1920; x_wconf 89' lang='lat' dir='ltr'><strong>merso</strong></span> <span class='ocrx_word' id='word_1_200' title='bbox 1209 1875 1458 1931; x_wconf 86' lang='lat' dir='ltr'><strong>cohaereat,</strong></span> <span class='ocrx_word' id='word_1_201' title='bbox 1501 1875 1576 1918; x_wconf 90' lang='lat' dir='ltr'><strong>alii</strong></span> <span class='ocrx_word' id='word_1_202' title='bbox 1605 1874 1737 1956; x_wconf 86' lang='lat' dir='ltr'><strong>expli-</strong></span> 
     </span>
     <span class='ocr_line' id='line_1_29' title="bbox 245 1944 1112 1998; baseline -0.001 -11"><span class='ocrx_word' id='word_1_203' title='bbox 245 1947 353 1998; x_wconf 85' lang='lat' dir='ltr'><strong>cent,</strong></span> <span class='ocrx_word' id='word_1_204' title='bbox 382 1944 580 1998; x_wconf 89' lang='lat' dir='ltr'><strong>equidem</strong></span> <span class='ocrx_word' id='word_1_205' title='bbox 612 1956 680 1986; x_wconf 91' lang='lat' dir='ltr'><strong>me</strong></span> <span class='ocrx_word' id='word_1_206' title='bbox 710 1944 874 1992; x_wconf 85' lang='lat' dir='ltr'><strong>nescire</strong></span> <span class='ocrx_word' id='word_1_207' title='bbox 904 1944 1112 1986; x_wconf 87' lang='lat' dir='ltr'><strong>confiteor.</strong></span> 
     </span>
     <span class='ocr_line' id='line_1_30' title="bbox 357 2011 1895 2068; baseline -0.001 -13"><span class='ocrx_word' id='word_1_208' title='bbox 357 2011 449 2055; x_wconf 86' lang='lat' dir='ltr'><strong>Nec</strong></span> <span class='ocrx_word' id='word_1_209' title='bbox 483 2011 624 2055; x_wconf 88' lang='lat' dir='ltr'><strong>minus</strong></span> <span class='ocrx_word' id='word_1_210' title='bbox 662 2011 930 2068; x_wconf 87' lang='lat' dir='ltr'><strong>suspiconem</strong></span> <span class='ocrx_word' id='word_1_211' title='bbox 961 2015 1102 2055; x_wconf 86' lang='lat' dir='ltr'><strong>movet</strong></span> <span class='ocrx_word' id='word_1_212' title='bbox 1138 2024 1219 2064; x_wconf 73' lang='lat' dir='ltr'><strong>res¹</strong></span> <span class='ocrx_word' id='word_1_213' title='bbox 1235 2011 1352 2068; x_wconf 89' lang='lat' dir='ltr'><strong>ipsa,</strong></span> <span class='ocrx_word' id='word_1_214' title='bbox 1387 2023 1499 2066; x_wconf 90' lang='lat' dir='ltr'><strong>quae</strong></span> <span class='ocrx_word' id='word_1_215' title='bbox 1526 2011 1735 2054; x_wconf 83' lang='lat' dir='ltr'><strong>narratur.</strong></span> <span class='ocrx_word' id='word_1_216' title='bbox 1880 2051 1895 2063; x_wconf 21' lang='grc' dir='ltr'><strong>,ῃ</strong></span> 
     </span>
     <span class='ocr_line' id='line_1_31' title="bbox 244 2077 1891 2134; baseline 0.001 -13"><span class='ocrx_word' id='word_1_217' title='bbox 244 2079 357 2122; x_wconf 85' lang='lat' dir='ltr'><strong>Nam</strong></span> <span class='ocrx_word' id='word_1_218' title='bbox 387 2079 535 2127; x_wconf 82' lang='lat' dir='ltr'><strong>verba:</strong></span> <span class='ocrx_word' id='word_1_219' title='bbox 569 2092 669 2134; x_wconf 87' lang='lat' dir='ltr'><strong>„pro</strong></span> <span class='ocrx_word' id='word_1_220' title='bbox 701 2092 787 2133; x_wconf 91' lang='lat' dir='ltr'><strong>qua</strong></span> <span class='ocrx_word' id='word_1_221' title='bbox 816 2092 935 2121; x_wconf 88' lang='lat' dir='ltr'><strong>mora</strong></span> <span class='ocrx_word' id='word_1_222' title='bbox 954 2083 1144 2121; x_wconf 87' lang='lat' dir='ltr'><strong>mactata</strong></span> <span class='ocrx_word' id='word_1_223' title='bbox 1172 2082 1261 2122; x_wconf 86' lang='lat' dir='ltr'><strong>est“</strong></span> <span class='ocrx_word' id='word_1_224' title='bbox 1298 2093 1382 2121; x_wconf 93' lang='lat' dir='ltr'><strong>non</strong></span> <span class='ocrx_word' id='word_1_225' title='bbox 1402 2082 1580 2133; x_wconf 85' lang='lat' dir='ltr'><strong>possunt</strong></span> <span class='ocrx_word' id='word_1_226' title='bbox 1610 2077 1735 2121; x_wconf 88' lang='lat' dir='ltr'><strong>aliter</strong></span> <span class='ocrx_word' id='word_1_227' title='bbox 1791 2106 1801 2131; x_wconf 66' lang='lat'><strong>,·</strong></span> <span class='ocrx_word' id='word_1_228' title='bbox 1854 2095 1891 2126; x_wconf 61' lang='lat' dir='ltr'><strong>‚f</strong></span> 
     </span>
     <span class='ocr_line' id='line_1_32' title="bbox 33 2144 1886 2205; baseline -0.001 -16"><span class='ocrx_word' id='word_1_229' title='bbox 33 2186 76 2205; x_wconf 38' lang='lat'><strong>5,</strong></span> <span class='ocrx_word' id='word_1_230' title='bbox 125 2194 128 2195; x_wconf 16' lang='lat'><em>⁷</em></span> <span class='ocrx_word' id='word_1_231' title='bbox 242 2145 433 2202; x_wconf 85' lang='lat' dir='ltr'><strong>intellegi</strong></span> <span class='ocrx_word' id='word_1_232' title='bbox 472 2150 602 2201; x_wconf 88' lang='lat' dir='ltr'><strong>atque</strong></span> <span class='ocrx_word' id='word_1_233' title='bbox 641 2145 695 2189; x_wconf 89' lang='lat' dir='ltr'><strong>de</strong></span> <span class='ocrx_word' id='word_1_234' title='bbox 734 2158 788 2189; x_wconf 92' lang='lat' dir='ltr'><strong>ea</strong></span> <span class='ocrx_word' id='word_1_235' title='bbox 827 2159 947 2189; x_wconf 89' lang='lat' dir='ltr'><strong>mora</strong></span> <span class='ocrx_word' id='word_1_236' title='bbox 986 2158 1098 2201; x_wconf 88' lang='lat' dir='ltr'><strong>qnae</strong></span> <span class='ocrx_word' id='word_1_237' title='bbox 1128 2145 1207 2190; x_wconf 90' lang='lat' dir='ltr'><strong>hoc</strong></span> <span class='ocrx_word' id='word_1_238' title='bbox 1230 2146 1393 2202; x_wconf 82' lang='lat' dir='ltr'><strong>juvene</strong></span> <span class='ocrx_word' id='word_1_239' title='bbox 1433 2145 1593 2188; x_wconf 86' lang='lat' dir='ltr'><strong>amisso</strong></span> <span class='ocrx_word' id='word_1_240' title='bbox 1623 2144 1733 2200; x_wconf 81' lang='lat' dir='ltr'><strong>Aga·</strong></span> <span class='ocrx_word' id='word_1_241' title='bbox 1844 2182 1886 2203; x_wconf 17' lang='grc' dir='ltr'><strong>..ἱ</strong></span> 
     </span>
     <span class='ocr_line' id='line_1_33' title="bbox 218 2204 1893 2272; baseline -0.001 -15.198"><span class='ocrx_word' id='word_1_242' title='bbox 218 2204 480 2272; x_wconf 67' lang='lat' dir='ltr'><strong>¹memnonis</strong></span> <span class='ocrx_word' id='word_1_243' title='bbox 515 2215 627 2256; x_wconf 89' lang='lat' dir='ltr'><strong>curis</strong></span> <span class='ocrx_word' id='word_1_244' title='bbox 662 2214 792 2256; x_wconf 83' lang='lat' dir='ltr'><strong>classi</strong></span> <span class='ocrx_word' id='word_1_245' title='bbox 831 2214 983 2256; x_wconf 77' lang='lat' dir='ltr'><strong>extitit,</strong></span> <span class='ocrx_word' id='word_1_246' title='bbox 1040 2214 1095 2256; x_wconf 89' lang='lat' dir='ltr'><strong>Id</strong></span> <span class='ocrx_word' id='word_1_247' title='bbox 1121 2218 1265 2257; x_wconf 89' lang='lat' dir='ltr'><strong>autem</strong></span> <span class='ocrx_word' id='word_1_248' title='bbox 1297 2228 1391 2256; x_wconf 90' lang='lat' dir='ltr'><strong>cum</strong></span> <span class='ocrx_word' id='word_1_249' title='bbox 1428 2212 1556 2256; x_wconf 85' lang='lat' dir='ltr'><strong>solita</strong></span> <span class='ocrx_word' id='word_1_250' title='bbox 1586 2209 1733 2255; x_wconf 85' lang='lat' dir='ltr'><strong>fabula</strong></span> <span class='ocrx_word' id='word_1_251' title='bbox 1760 2228 1762 2230; x_wconf 93' lang='lat'>·</span> <span class='ocrx_word' id='word_1_252' title='bbox 1825 2223 1833 2233; x_wconf 82' lang='grc'><strong>··</strong></span> <span class='ocrx_word' id='word_1_253' title='bbox 1855 2207 1893 2246; x_wconf 68' lang='grc'><strong>·“·«·”’</strong></span> 
     </span>
     <span class='ocr_line' id='line_1_34' title="bbox 37 2278 1860 2338; baseline -0.002 -14"><span class='ocrx_word' id='word_1_254' title='bbox 37 2280 39 2284; x_wconf 77' lang='grc'><em>’</em></span> <span class='ocrx_word' id='word_1_255' title='bbox 240 2284 464 2337; x_wconf 88' lang='lat' dir='ltr'><strong>repugnat,</strong></span> <span class='ocrx_word' id='word_1_256' title='bbox 494 2293 579 2335; x_wconf 87' lang='lat' dir='ltr'><strong>qua</strong></span> <span class='ocrx_word' id='word_1_257' title='bbox 609 2293 694 2323; x_wconf 91' lang='lat' dir='ltr'><strong>non</strong></span> <span class='ocrx_word' id='word_1_258' title='bbox 714 2280 944 2337; x_wconf 86' lang='lat' dir='ltr'><strong>Argynnus</strong></span> <span class='ocrx_word' id='word_1_259' title='bbox 974 2294 1089 2335; x_wconf 90' lang='lat' dir='ltr'><strong>aqua</strong></span> <span class='ocrx_word' id='word_1_260' title='bbox 1117 2294 1282 2324; x_wconf 86' lang='lat' dir='ltr'><strong>mersus</strong></span> <span class='ocrx_word' id='word_1_261' title='bbox 1310 2279 1386 2323; x_wconf 90' lang='lat' dir='ltr'><strong>sed</strong></span> <span class='ocrx_word' id='word_1_262' title='bbox 1405 2279 1567 2323; x_wconf 86' lang='lat' dir='ltr'><strong>violata</strong></span> <span class='ocrx_word' id='word_1_263' title='bbox 1586 2278 1731 2322; x_wconf 89' lang='lat' dir='ltr'><strong>Diana</strong></span> <span class='ocrx_word' id='word_1_264' title='bbox 1820 2334 1827 2338; x_wconf 28' lang='lat'><strong>⁴</strong></span> <span class='ocrx_word' id='word_1_265' title='bbox 1852 2317 1860 2333; x_wconf 34' lang='grc' dir='ltr'><em>ζ</em></span> 
     </span>
     <span class='ocr_line' id='line_1_35' title="bbox 242 2338 1884 2404; baseline -0.001 -13"><span class='ocrx_word' id='word_1_266' title='bbox 242 2361 374 2401; x_wconf 86' lang='lat' dir='ltr'><strong>causa</strong></span> <span class='ocrx_word' id='word_1_267' title='bbox 403 2361 548 2391; x_wconf 89' lang='lat' dir='ltr'><strong>morae</strong></span> <span class='ocrx_word' id='word_1_268' title='bbox 577 2348 710 2391; x_wconf 79' lang='lat' dir='ltr'><strong>fuisse</strong></span> <span class='ocrx_word' id='word_1_269' title='bbox 739 2348 921 2391; x_wconf 87' lang='lat' dir='ltr'><strong>traditur</strong></span> <span class='ocrx_word' id='word_1_270' title='bbox 957 2362 1030 2391; x_wconf 87' lang='lat' dir='ltr'><strong>cur</strong></span> <span class='ocrx_word' id='word_1_271' title='bbox 1059 2348 1285 2404; x_wconf 90' lang='lat' dir='ltr'><strong>Iphigenia</strong></span> <span class='ocrx_word' id='word_1_272' title='bbox 1315 2347 1455 2390; x_wconf 86' lang='lat' dir='ltr'><strong>hostia</strong></span> <span class='ocrx_word' id='word_1_273' title='bbox 1484 2345 1732 2391; x_wconf 82' lang='lat' dir='ltr'><strong>concideret.</strong></span> <span class='ocrx_word' id='word_1_274' title='bbox 1784 2338 1884 2384; x_wconf 63' lang='grc' dir='ltr'><strong>ῑ-Ῡ”’Ῑ«”-ᾸΞ</strong></span> 
     </span>
     <span class='ocr_line' id='line_1_36' title="bbox 54 2408 1729 2471; baseline -0.002 -10.038"><span class='ocrx_word' id='word_1_275' title='bbox 54 2466 57 2469; x_wconf 47' lang='grc'>,</span> <span class='ocrx_word' id='word_1_276' title='bbox 240 2415 320 2459; x_wconf 86' lang='lat' dir='ltr'><strong>His</strong></span> <span class='ocrx_word' id='word_1_277' title='bbox 348 2414 404 2459; x_wconf 91' lang='lat' dir='ltr'><strong>de</strong></span> <span class='ocrx_word' id='word_1_278' title='bbox 433 2415 577 2459; x_wconf 86' lang='lat' dir='ltr'><strong>causis</strong></span> <span class='ocrx_word' id='word_1_279' title='bbox 606 2429 690 2459; x_wconf 89' lang='lat' dir='ltr'><strong>non</strong></span> <span class='ocrx_word' id='word_1_280' title='bbox 718 2408 867 2459; x_wconf 92' lang='lat' dir='ltr'><strong>dubito</strong></span> <span class='ocrx_word' id='word_1_281' title='bbox 898 2416 998 2471; x_wconf 91' lang='lat' dir='ltr'><strong>quin</strong></span> <span class='ocrx_word' id='word_1_282' title='bbox 1019 2415 1181 2459; x_wconf 86' lang='lat' dir='ltr'><strong>Jacobo</strong></span> <span class='ocrx_word' id='word_1_283' title='bbox 1208 2415 1422 2458; x_wconf 87' lang='lat' dir='ltr'><strong>Lindnero</strong></span> <span class='ocrx_word' id='word_1_284' title='bbox 1444 2412 1729 2458; x_wconf 90' lang='lat' dir='ltr'><strong>Heimreichio</strong></span> 
     </span>
     <span class='ocr_line' id='line_1_37' title="bbox 31 2471 658 2539; baseline 0.002 -14"><span class='ocrx_word' id='word_1_285' title='bbox 31 2474 80 2534; x_wconf 63' lang='grc' dir='ltr'>ζ</span> <span class='ocrx_word' id='word_1_286' title='bbox 111 2514 141 2539; x_wconf 76' lang='lat'><strong>;·</strong></span> <span class='ocrx_word' id='word_1_287' title='bbox 239 2471 562 2531; x_wconf 81' lang='lat' dir='ltr'><strong>assentiendum</strong></span> <span class='ocrx_word' id='word_1_288' title='bbox 593 2484 658 2526; x_wconf 87' lang='lat' dir='ltr'><strong>sit.</strong></span> 
     </span>
     <span class='ocr_line' id='line_1_38' title="bbox 38 2543 1745 2612; baseline 0.001 -19"><span class='ocrx_word' id='word_1_289' title='bbox 38 2543 91 2564; x_wconf 62' lang='lat'><strong>‘²</strong></span> <span class='ocrx_word' id='word_1_290' title='bbox 204 2554 213 2557; x_wconf 67' lang='grc'><em>’</em></span> <span class='ocrx_word' id='word_1_291' title='bbox 353 2549 454 2593; x_wconf 83' lang='lat' dir='ltr'><strong>Jam</strong></span> <span class='ocrx_word' id='word_1_292' title='bbox 469 2558 585 2595; x_wconf 68' lang='lat' dir='ltr'><strong>&#39;vero</strong></span> <span class='ocrx_word' id='word_1_293' title='bbox 615 2551 661 2594; x_wconf 92' lang='lat' dir='ltr'><strong>in</strong></span> <span class='ocrx_word' id='word_1_294' title='bbox 680 2550 1033 2607; x_wconf 85' lang='lat' dir='ltr'><strong>praecedentibus</strong></span> <span class='ocrx_word' id='word_1_295' title='bbox 1063 2551 1256 2595; x_wconf 86' lang='lat' dir='ltr'><strong>versibus</strong></span> <span class='ocrx_word' id='word_1_296' title='bbox 1275 2550 1344 2606; x_wconf 85' lang='lat'><strong>(21</strong></span> <span class='ocrx_word' id='word_1_297' title='bbox 1358 2549 1494 2605; x_wconf 84' lang='lat'>—22-)</span> <span class='ocrx_word' id='word_1_298' title='bbox 1514 2544 1595 2592; x_wconf 86' lang='lat' dir='ltr'><strong>viri</strong></span> <span class='ocrx_word' id='word_1_299' title='bbox 1614 2549 1745 2612; x_wconf 80' lang='lat' dir='ltr'><strong>docti¹</strong></span> 
     </span>
    </p>
   </div>
   <div class='ocr_carea' id='block_1_6' title="bbox 0 524 2020 953">
    <p class='ocr_par' dir='ltr' id='par_1_10' title="bbox 0 524 2020 953">
     <span class='ocr_line' id='line_1_39' title="bbox 1606 524 2020 594; baseline 0 2382"><span class='ocrx_word' id='word_1_300' title='bbox 1606 524 2020 594; x_wconf 95' lang='lat' dir='ltr'><strong> </strong></span> 
     </span>
     <span class='ocr_line' id='line_1_40' title="bbox 0 594 2020 817; baseline 0 -138"><span class='ocrx_word' id='word_1_301' title='bbox 0 594 214 817; x_wconf 95' lang='lat' dir='ltr'><strong>   </strong></span> <span class='ocrx_word' id='word_1_302' title='bbox 1606 594 2020 745; x_wconf 95' lang='lat' dir='ltr'><strong>  </strong></span> 
     </span>
     <span class='ocr_line' id='line_1_41' title="bbox 0 817 214 953; baseline 0 0"><span class='ocrx_word' id='word_1_303' title='bbox 0 817 214 953; x_wconf 95' lang='lat' dir='ltr'><strong>  </strong></span> 
     </span>
    </p>
   </div>
   <div class='ocr_carea' id='block_1_7' title="bbox 0 745 2020 1068">
    <p class='ocr_par' dir='ltr' id='par_1_11' title="bbox 0 745 2020 1068">
     <span class='ocr_line' id='line_1_42' title="bbox 1606 745 2020 883; baseline 0 -112"><span class='ocrx_word' id='word_1_304' title='bbox 1606 745 2020 883; x_wconf 95' lang='lat' dir='ltr'><strong>    </strong></span> 
     </span>
     <span class='ocr_line' id='line_1_43' title="bbox 0 883 2020 1068; baseline 0 -47"><span class='ocrx_word' id='word_1_305' title='bbox 0 953 214 1068; x_wconf 95' lang='lat' dir='ltr'><strong>  </strong></span> <span class='ocrx_word' id='word_1_306' title='bbox 1742 883 2020 953; x_wconf 95' lang='lat' dir='ltr'><strong> </strong></span> 
     </span>
    </p>
   </div>
   <div class='ocr_carea' id='block_1_8' title="bbox 0 953 2020 1355">
    <p class='ocr_par' dir='ltr' id='par_1_12' title="bbox 0 953 2020 1355">
     <span class='ocr_line' id='line_1_44' title="bbox 1606 953 2020 1021; baseline 0 0"><span class='ocrx_word' id='word_1_307' title='bbox 1606 953 2020 1021; x_wconf 95' lang='lat' dir='ltr'><strong>  </strong></span> 
     </span>
     <span class='ocr_line' id='line_1_45' title="bbox 0 1021 2016 1219; baseline 0 -69"><span class='ocrx_word' id='word_1_308' title='bbox 0 1068 214 1219; x_wconf 95' lang='lat' dir='ltr'><strong>  </strong></span> <span class='ocrx_word' id='word_1_309' title='bbox 1742 1021 2016 1150; x_wconf 95' lang='lat' dir='ltr'><strong>  </strong></span> 
     </span>
     <span class='ocr_line' id='line_1_46' title="bbox 0 1219 214 1355; baseline 0 0"><span class='ocrx_word' id='word_1_310' title='bbox 0 1219 214 1355; x_wconf 95' lang='lat' dir='ltr'><strong>  </strong></span> 
     </span>
    </p>
   </div>
   <div class='ocr_carea' id='block_1_9' title="bbox 0 1150 2025 1490">
    <p class='ocr_par' dir='ltr' id='par_1_13' title="bbox 0 1150 2025 1490">
     <span class='ocr_line' id='line_1_47' title="bbox 1724 1150 2016 1242; baseline 0 -67"><span class='ocrx_word' id='word_1_311' title='bbox 1724 1150 2016 1242; x_wconf 95' lang='lat' dir='ltr'><strong>   </strong></span> 
     </span>
     <span class='ocr_line' id='line_1_48' title="bbox 0 1242 2025 1422; baseline 0 0"><span class='ocrx_word' id='word_1_312' title='bbox 0 1355 214 1422; x_wconf 95' lang='lat' dir='ltr'><strong> </strong></span> <span class='ocrx_word' id='word_1_313' title='bbox 1741 1242 2025 1355; x_wconf 95' lang='lat' dir='ltr'><strong>  </strong></span> 
     </span>
     <span class='ocr_line' id='line_1_49' title="bbox 0 1422 214 1490; baseline 0 1486"><span class='ocrx_word' id='word_1_314' title='bbox 0 1422 214 1490; x_wconf 95' lang='lat' dir='ltr'><strong> </strong></span> 
     </span>
    </p>
   </div>
   <div class='ocr_carea' id='block_1_10' title="bbox 1508 1355 2029 2976">
    <p class='ocr_par' dir='ltr' id='par_1_14' title="bbox 1508 1355 2029 2976">
     <span class='ocr_line' id='line_1_50' title="bbox 1725 1355 2029 1512; baseline 0 -135"><span class='ocrx_word' id='word_1_315' title='bbox 1725 1355 2029 1512; x_wconf 95' lang='lat' dir='ltr'><strong>    </strong></span> 
     </span>
     <span class='ocr_line' id='line_1_51' title="bbox 1727 1512 2019 1645; baseline 0 -89"><span class='ocrx_word' id='word_1_316' title='bbox 1727 1512 2019 1645; x_wconf 95' lang='lat' dir='ltr'><strong>    </strong></span> 
     </span>
     <span class='ocr_line' id='line_1_52' title="bbox 1737 1645 2026 1825; baseline 0 0"><span class='ocrx_word' id='word_1_317' title='bbox 1737 1645 2026 1825; x_wconf 95' lang='lat' dir='ltr'><strong>   </strong></span> 
     </span>
     <span class='ocr_line' id='line_1_53' title="bbox 1606 1825 2020 1983; baseline 0 0"><span class='ocrx_word' id='word_1_318' title='bbox 1606 1825 2020 1983; x_wconf 95' lang='lat' dir='ltr'><strong>   </strong></span> 
     </span>
     <span class='ocr_line' id='line_1_54' title="bbox 1718 1983 2029 2185; baseline 0 0"><span class='ocrx_word' id='word_1_319' title='bbox 1718 1983 2029 2185; x_wconf 95' lang='lat' dir='ltr'><strong>    </strong></span> 
     </span>
     <span class='ocr_line' id='line_1_55' title="bbox 1733 2185 2016 2231; baseline 0 745"><span class='ocrx_word' id='word_1_320' title='bbox 1733 2185 2016 2231; x_wconf 95' lang='lat' dir='ltr'><strong> </strong></span> 
     </span>
     <span class='ocr_line' id='line_1_56' title="bbox 1720 2231 2016 2433; baseline 0 -50"><span class='ocrx_word' id='word_1_321' title='bbox 1720 2231 2016 2433; x_wconf 95' lang='lat' dir='ltr'><strong>    </strong></span> 
     </span>
     <span class='ocr_line' id='line_1_57' title="bbox 1606 2433 2020 2520; baseline 0 -20"><span class='ocrx_word' id='word_1_322' title='bbox 1606 2433 2020 2520; x_wconf 95' lang='lat' dir='ltr'><strong>  </strong></span> 
     </span>
     <span class='ocr_line' id='line_1_58' title="bbox 1508 2520 2020 2976; baseline 0 0"><span class='ocrx_word' id='word_1_323' title='bbox 1508 2520 2020 2976; x_wconf 95' lang='lat' dir='ltr'><strong>    </strong></span> 
     </span>
    </p>
   </div>
   <div class='ocr_carea' id='block_1_11' title="bbox 0 2540 353 2976">
    <p class='ocr_par' dir='ltr' id='par_1_15' title="bbox 0 2540 353 2976">
     <span class='ocr_line' id='line_1_59' title="bbox 0 2540 353 2976; baseline 0 0"><span class='ocrx_word' id='word_1_324' title='bbox 0 2540 353 2976; x_wconf 95' lang='lat' dir='ltr'><strong>    </strong></span> 
     </span>
    </p>
   </div>
   <div class='ocr_carea' id='block_1_12' title="bbox 238 2616 1730 2673">
    <p class='ocr_par' dir='ltr' id='par_1_16' title="bbox 238 2616 1730 2673">
     <span class='ocr_line' id='line_1_60' title="bbox 238 2616 1730 2673; baseline 0.001 -13"><span class='ocrx_word' id='word_1_325' title='bbox 238 2617 451 2672; x_wconf 84' lang='lat' dir='ltr'><strong>quomodo</strong></span> <span class='ocrx_word' id='word_1_326' title='bbox 478 2617 794 2673; x_wconf 84' lang='lat' dir='ltr'><strong>desudaverint,</strong></span> <span class='ocrx_word' id='word_1_327' title='bbox 823 2618 1150 2661; x_wconf 89' lang='lat' dir='ltr'><strong>consideremus.</strong></span> <span class='ocrx_word' id='word_1_328' title='bbox 1208 2619 1259 2660; x_wconf 92' lang='lat' dir='ltr'><strong>In</strong></span> <span class='ocrx_word' id='word_1_329' title='bbox 1280 2617 1496 2661; x_wconf 88' lang='lat' dir='ltr'><strong>codicibus</strong></span> <span class='ocrx_word' id='word_1_330' title='bbox 1524 2616 1636 2660; x_wconf 86' lang='lat' dir='ltr'><strong>enim</strong></span> <span class='ocrx_word' id='word_1_331' title='bbox 1666 2618 1730 2662; x_wconf 84' lang='lat' dir='ltr'><strong>sic</strong></span> 
     </span>
    </p>
   </div>
   <div class='ocr_carea' id='block_1_13' title="bbox 236 2678 409 2744">
    <p class='ocr_par' dir='ltr' id='par_1_17' title="bbox 72 2659 409 2750">
     <span class='ocr_line' id='line_1_61' title="bbox 236 2678 409 2744; baseline 0 1"><span class='ocrx_word' id='word_1_332' title='bbox 236 2678 409 2744; x_wconf 59' lang='lat' dir='ltr'><strong>iegitur</strong></span> 
     </span>
    </p>
   </div>
  </div>
 </body>
</html>
