2031 2976
412 461 506 510 Hoc
533 465 679 509 nititur
692 465 1007 521 Hertzbergius,
1036 467 1110 521 qui
1130 467 1239 510 utin
1258 467 1467 523 omnibus,
1494 466 1614 512 ubi
1629 486 1635 506 ι
1658 487 1682 506 -2
1757 496 1759 498 >
1793 499 1823 529 .,

259 576 267 586 ,,
284 534 534 600 >⁴micton-‘itas
562 533 718 591 agitur,
747 533 809 578 sic
828 533 908 577 hoc
928 546 1095 589 quoque
1121 534 1215 578 loco
1235 534 1514 580 Lachmanno
1535 508 1827 596 adversuffi*
1932 592 1934 594 ᾖ

299 601 366 660 (in
405 602 708 646 commentario
747 615 787 658 p.
815 602 926 658 455).
996 601 1083 645 Sed
1124 615 1207 645 non
1247 607 1467 647 contentus
1501 603 1603 647 illos
1640 602 1811 649 verim-«⁷
1897 597 1902 602 ’

225 666 256 702 ἷ’
299 670 592 725 excusavisse,
631 673 855 726 tantopere
898 682 1042 713 eorum
1081 669 1394 726 pulchritudine
1431 675 1585 728 captus
1624 667 1735 729 est,-

299 738 426 795 quasi
445 750 599 782 nervos
616 736 747 781 totius
777 737 978 782 carminis
1008 751 1081 781 eos
1102 738 1301 794 appellet,
1332 738 1678 801 Scaligerumque
1705 728 1764 799 ba

177 858 186 867 .
224 811 227 813 ’
254 814 255 817 ’
282 814 386 851 'una
414 806 588 850 licentia
607 818 779 850 carmen
799 805 848 862 V,
869 808 894 848 5
914 806 1039 863 peJus
1068 806 1358 852 decurtavisse
1378 804 1642 863 pronuntiet,-
1656 814 1796 867 quam
1819 812 1826 817 ⁴

299 873 432 920 ullum
478 877 703 931 praeterea
751 840 943 917 alte'rum.
1011 875 1111 918 Jam
1156 887 1257 918 vero
1298 875 1400 930 quid
1448 872 1596 918 eontra
1635 871 1803 918 Jacobi
1809 873 1811 876 ’
1850 931 1853 934 ᾖ

296 937 647 998 Hertzbergiique
677 942 1072 999 interpretationem
1103 943 1327 987 dicendum
1359 943 1425 1004 sit,
1454 936 1735 999 proferamus.
1775 949 1779 985 ζ
1802 942 1812 977 J
1830 943 1834 945 ’
1851 934 1897 983 ’ν’-εἰ

412 1009 601 1054 Primum
639 1009 753 1053 enim
784 1017 891 1054 anus
927 1010 1024 1066 illa,
1063 1010 1275 1066 siquidem
1306 1010 1572 1067 Propertium
1610 996 1788 1053 irridere
1829 1001 1899 1075 -Q

110 1124 115 1132 ,
152 1106 200 1140 Γ
297 1077 487 1133 volebat,
526 1078 638 1121 tales
667 1089 818 1120 versus
847 1078 998 1121 afferre
1027 1078 1226 1132 debebat,
1267 1078 1421 1132 quibus
1449 1081 1578 1134 poeta
1606 1075 1795 1133 pulchri»-

114 1140 123 1147 “
151 1141 163 1149 “
260 1144 268 1184 'J
296 1143 488 1188 tudinem
517 1144 690 1202 puellae
717 1145 937 1202 laudaret3
953 1201 957 1204 ᾖ
976 1144 1084 1189 haec
1113 1148 1257 1189 autem
1286 1145 1438 1202 verba,
1478 1145 1523 1187 in
1552 1144 1705 1200 quibus
1733 1142 1787 1187 de

298 1215 418 1255 veste
447 1211 538 1256 Coa
567 1216 609 1256 et
638 1212 693 1256 de
722 1213 884 1255 ornatis
909 1213 1078 1269 capillis
1108 1213 1260 1268 agitur,
1289 1225 1520 1271 quamnam
1550 1212 1795 1261 irrisionem¹
1821 1234 1833 1251 -·

145 1314 203 1342 J„
297 1279 546 1324 continent?
604 1279 746 1336 Atque
783 1279 863 1325 hoc
893 1279 1064 1337 quidem
1094 1280 1265 1325 levioris
1307 1277 1507 1324 momenti
1536 1283 1602 1324 est
1634 1283 1677 1324 et
1706 1278 1786 1324 for‘-
1811 1311 1813 1313 »

121 1341 168 1371 Ἃ
193 1355 197 1357 ’
256 1394 263 1400 κ
296 1352 415 1392 tasse
444 1351 683 1392 excusatur.
740 1348 826 1392 Sed
856 1349 1064 1392 accedunt
1086 1349 1389 1404 grammaticae
1419 1350 1615 1393 rationes.
1672 1343 1787 1409 Nun·
1820 1339 1838 1353 χ’

114 1416 143 1428 “
297 1427 427 1472 quam
456 1415 571 1459 enim
610 1415 700 1460 fieri
734 1420 895 1473 potest,
937 1416 972 1460 si
1001 1417 1045 1460 in
1083 1411 1274 1461 oratione
1302 1417 1429 1461 lenae
1455 1420 1610 1475 poetae
1638 1408 1789 1466 versus
1864 1411 1901 1470 [1.

296 1484 547 1540 rccitantur,
585 1488 632 1528 ut
660 1497 713 1528 ne
742 1484 919 1528 minima
948 1484 1119 1540 quidem
1149 1489 1252 1528 nota
1281 1485 1511 1540 indicetur,
1551 1484 1658 1537 haec
1686 1484 1786 1528 Pro-

296 1551 445 1609 pertii,
483 1551 562 1595 illa
600 1564 710 1594 anus
749 1551 881 1595 verba
917 1564 1023 1595 esse.
1091 1552 1141 1594 Id
1171 1556 1313 1595 autem
1350 1553 1430 1596 hoc
1457 1553 1550 1596 loco
1579 1548 1712 1595 multo
1738 1548 1802 1596 fitv

85 1650 169 1674 2.,..-,,,
295 1618 628 1676 intolerabilius,
667 1620 781 1676 quod
813 1620 1021 1677 Propertii
1062 1620 1192 1664 verba
1230 1620 1381 1665 eadem
1420 1620 1636 1678 particula·
1658 1619 1785 1671 inter·
1846 1614 1896 1678 ’.ῤ’ᾖ,

169 1681 177 1687 ’
239 1698 242 1699 ’
292 1685 492 1744 rogativa
521 1687 814 1743 adnectuntur,
844 1701 931 1743 qua
959 1702 1067 1731 anus
1096 1688 1223 1731 modo
1253 1688 1297 1730 in
1326 1688 1463 1744 ipsius
1483 1688 1676 1732 oratione
1703 1696 1785 1731 usa

157 1761 162 1764 ’
214 1777 221 1779 -
294 1760 398 1801 erat.
455 1751 556 1799 Jam
587 1755 622 1799 si
652 1755 929 1811 interrogatio
958 1755 1109 1800 eadem
1138 1756 1352 1812 particula
1381 1755 1678 1816 continuatur
1699 1760 1784 1807 non
1812 1754 1895 1809 21³5}

293 1825 435 1882 potest
453 1834 582 1868 sensu
601 1822 775 1868 diversa
804 1836 898 1867 esse
928 1836 955 1866 a
975 1823 1261 1881 praecedenti.
1318 1824 1448 1879 Atqui
1473 1823 1607 1866 verba
1637 1830 1803 1866 versansv
1848 1813 1899 1885 ᾖξ

295 1895 371 1936 54:
404 1891 532 1946 „quid
570 1892 655 1935 nisi
693 1892 826 1935 verba
855 1891 989 1936 feres“
1023 1891 1230 1936 rhetorice
1261 1892 1376 1936 dicta
1405 1895 1519 1946 sunt,
1549 1904 1645 1948 pro:
1675 1879 1783 1935 nihil
1804 1883 1812 1915 Ῑ
1828 1941 1830 1943 ᾖ

230 1965 233 1968 ’
293 1957 378 2004 nisi
406 1957 540 2003 verba
568 1958 690 2004 feres.
748 1959 862 2016 Ergo
884 1959 1034 2004 eodem
1063 1959 1189 2003 modo
1211 1959 1435 2016 sequentia
1462 1959 1790 2018 interpretanda

292 2031 391 2071 sunt
418 2038 513 2083 pro:
542 2027 649 2071 nihil
670 2027 798 2082 juvat
827 2028 1072 2084 procedere,
1110 2042 1193 2083 quo
1224 2023 1326 2083 quid
1355 2027 1411 2071 sit
1439 2022 1681 2084 perversius
1709 2025 1782 2074 vix

292 2094 435 2153 potest
464 2094 561 2139 dici.
1812 2092 1818 2132 J
1844 2082 1901 2147 χ’

231 2212 235 2216 ‚
406 2160 551 2215 Quare
580 2163 699 2207 illam
720 2162 874 2206 Jacobi
903 2167 946 2207 et
969 2163 1237 2218 Hertzbergii
1265 2162 1668 2219 interpretationem,
1695 2171 1782 2218 qua
1919 2214 1926 2230 .

291 2229 338 2274 id
366 2243 452 2274 non
480 2228 747 2288 providetur,
786 2243 840 2274 ne
875 2234 1029 2287 poetae
1066 2230 1197 2275 verba
1234 2242 1285 2274 eo
1316 2242 1444 2274 sensu
1471 2229 1782 2286 intellegantur,
1864 2253 1874 2266 η
1901 2229 1910 2236 “

292 2308 417 2354 quem
447 2312 527 2355 ego
557 2296 718 2342 dudum
747 2299 946 2354 exposui,
974 2298 1253 2354 rejiciendam
1284 2310 1380 2342 esse
1409 2297 1600 2341 arbitror.
1808 2346 1821 2358 ,Ι

403 2365 456 2411 Id
485 2365 623 2410 solum
653 2368 807 2423 restat,
848 2369 894 2409 ut
923 2365 1133 2422 quomodo
1162 2365 1436 2423 interpolatio
1474 2368 1567 2408 orta
1595 2365 1670 2421 sit,
1712 2377 1781 2410 ex·
1811 2361 1829 2386 ‘²
1916 2356 1925 2365 ⁴

290 2433 510 2492 plicemus,
539 2446 626 2490 qua
654 2434 699 2477 in
727 2444 773 2478 re
802 2446 830 2477 a
859 2434 1001 2479 verbis
1029 2447 1178 2479 versus
1208 2437 1281 2478 57:
1708 2448 1711 2456 ·

620 2502 739 2547 Coae
768 2501 932 2547 dederit
960 2515 1039 2546 nec
1068 2515 1247 2561 munera
1275 2501 1428 2546 vestis.

286 2566 640 2631 proficiscendum
670 2574 747 2615 est.
803 2570 1005 2615 Fortasse
1033 2570 1146 2615 enim
1176 2571 1233 2628 is,
1272 2570 1345 2627 qui
1373 2569 1480 2614 haec
1508 2569 1641 2614 verba
1663 2570 1781 2634 le'g'e-

68 2646 75 2653 “
253 2681 259 2685 ,
289 2633 384 2694 bat,
421 2634 520 2682 illos
554 2634 768 2684 secundae
796 2638 924 2697 primi
951 2636 1051 2682 libri
1081 2638 1247 2695 elegiae
1276 2650 1426 2683 versus
1455 2637 1511 2682 ad
1539 2651 1654 2703 ma
1692 2657 1696 2675 ι
1720 2658 1751 2675 :2
