2031 2976
100 1119 115 1138 β

109 1150 163 1220 ᾗ,ν

81 1246 85 1252 .
97 1235 121 1257 ι.
134 1235 137 1238 ’

99 1256 118 1279 ἐκ

362 736 588 825 Propertii
618 769 807 813 carmina
836 783 889 814 ex
920 782 1005 826 quo
1032 770 1215 827 primum
1236 770 1410 814 tractari
1438 774 1592 828 coepta
1622 774 1731 830 sunt,

234 840 422 893 propter
448 837 729 894 interruptum
749 839 1052 882 sententiarum
1081 852 1235 882 nexum
1258 839 1596 894 copiosissimam
1624 839 1742 884 viris

209 937 212 940 ι
247 901 383 948 doctis
411 906 793 949 controversiarum
829 906 1054 949 materiam
1089 905 1385 962 praebuerunt.
1442 906 1506 950 Ac
1534 905 1728 962 Scaliger
1763 936 1776 956 —.
1827 954 1881 974 .:.·-

216 1017 219 1020 ,
242 972 331 1028 (ed.
357 971 448 1016 Cat.
480 973 572 1016 Tib.
599 973 724 1029 Prop.
751 969 930 1017 Parisiis
959 973 1097 1030 1577).
1137 987 1232 1017 cum
1283 973 1514 1018 sententias
1551 973 1731 1019 haerere
1785 1009 1789 1011 —
1822 1001 1845 1033 -,»;

231 1039 440 1097 sentiret,
474 1041 872 1096 transpositionibus
902 1041 1165 1097 singularum
1195 1041 1394 1084 carminis
1421 1041 1608 1097 partium
1635 1053 1730 1098 per-

247 1109 420 1163 petuum
460 1109 761 1152 sententiarum
801 1122 954 1152 nexum
994 1109 1214 1152 restituere
1251 1112 1428 1152 conatus
1457 1113 1536 1152 est.
1592 1107 1728 1164 Cuius

233 1174 477 1219 auctoritas
514 1174 718 1231 proximis
756 1175 938 1219 saeculis
976 1179 1141 1227 tantum
1177 1175 1332 1231 valuit,
1370 1179 1416 1219 ut
1452 1175 1625 1233 plurimi
1652 1175 1728 1232 qni

173 1259 187 1302 j
240 1243 463 1300 Propertio
484 1256 657 1299 operam
677 1243 893 1300 dederunt,
922 1244 1040 1287 illam
1061 1245 1268 1288 rationem
1295 1248 1582 1300 sequerentur,
1610 1245 1728 1290 velut

93 1304 138 1350 “i'
161 1320 175 1337 ’ν
244 1310 538 1355 Broukhusius
567 1310 650 1369 (ed.
670 1311 979 1356 Amstelodami
1003 1311 1128 1370 1702)
1149 1313 1415 1356 Burmannus
1436 1311 1520 1369 (ed.
1535 1311 1728 1369 Trajeofi

244 1379 302 1423 ad
329 1379 523 1423 Rhenum
556 1378 693 1436 1780),
723 1394 817 1423 cum
845 1381 971 1435 pauci
999 1380 1043 1422 in
1072 1380 1225 1434 quibus
1254 1385 1391 1423 erant:
1428 1380 1611 1436 Vulpius
1639 1380 1725 1438 (ed.

227 1446 420 1491 ‘Paduae
453 1446 577 1505 1755)
607 1446 805 1491 Barthius
834 1447 918 1504 (ed.
937 1447 1112 1504 Lipsiae
1135 1446 1260 1505 1777)
1290 1447 1480 1491 ordinem
1509 1447 1726 1493 codicibus

243 1515 444 1558 traditum
474 1516 655 1558 retinere
684 1519 727 1558 et
755 1520 1007 1570 quacunque
1035 1516 1200 1558 ratione
1219 1512 1428 1570 poterant,
1455 1515 1725 1571 interpretari

233 1581 471 1627 studerent.
528 1583 683 1626 Nostro
704 1582 874 1626 demum
904 1583 1074 1627 saeculo
1091 1582 1402 1638 Lachmannus,
1431 1582 1496 1626 vir
1514 1582 1723 1639 imprimis

243 1650 297 1694 de
325 1650 546 1707 Propertio
577 1651 762 1704 meritus,
791 1654 928 1694 artem
959 1651 1145 1694 criticam
1176 1656 1217 1694 et
1246 1650 1637 1706 interpretationem
1665 1651 1725 1696 ad

213 1777 224 1780 -
241 1731 395 1763 sanam
423 1719 633 1762 rationem
663 1719 892 1762 revocavit.
951 1719 1139 1762 Primum
1178 1719 1288 1763 enim
1325 1718 1725 1775 transpositionibus

114 1785 130 1832 ζ»
243 1785 449 1841 Scaligeri
494 1786 664 1842 rejectis
703 1787 895 1829 codicum
942 1787 1210 1830 autoritatem
1252 1786 1434 1830 restituit
1471 1789 1515 1829 et
1553 1786 1662 1830 duos
1699 1800 1724 1831 e

88 1834 174 1907 23:127
241 1854 436 1909 congerie
472 1854 726 1909 reliquorum
773 1854 916 1909 elegit,
964 1854 1009 1896 in
1049 1854 1202 1908 quibus
1240 1866 1363 1896 omne
1401 1853 1724 1898 fundamentum

84 1929 103 1959 Ξ
119 1971 140 1992 ..¹
239 1924 380 1971 textus
426 1921 677 1964 restituendi
714 1922 898 1977 positum
943 1934 1037 1964 esse
1077 1921 1235 1976 docuit,
1267 1935 1332 1965 .e.
1343 1920 1502 1975 quibus
1540 1921 1722 1979 primum

235 1988 380 2033 locum
398 1989 544 2045 tribuit
564 1979 698 2033 codici
709 1989 998 2050 Grouingano
1025 1989 1255 2032 secundum
1276 1988 1410 2038 codici
1425 1988 1725 2043 Neapolitano.

241 2056 350 2099 Tum
390 2047 673 2112 interruptum
710 2058 1013 2100 sententiarum
1061 2070 1217 2100 nexum
1258 2070 1282 2099 e
1282 2040 1510 2099 &codicum
1551 2056 1725 2100 defectu

239 2124 516 2180 repetendum
543 2137 638 2168 esse
658 2125 966 2168 demonstravit
986 2129 1028 2168 et
1057 2124 1296 2178 ubicunque
1322 2123 1557 2167 sententiae
1574 2122 1724 2168 haere-

241 2190 360 2262 bant,
398 2193 603 2235 asterisco
642 2192 891 2247 interposito
931 2192 1129 2234 lacunam
1167 2190 1382 2233 indicavit.
1449 2189 1583 2245 Cujus
1611 2190 1723 2234 ratio

239 2259 336 2301 cum
364 2258 555 2303 novitate
582 2263 671 2302 tum
700 2258 999 2315 probabilitate
1028 2262 1194 2301 tantum
1224 2257 1401 2313 placuit,
1431 2260 1477 2299 ut
1505 2256 1562 2300 ab
1590 2257 1723 2301 omni-

214 2323 320 2386 girus
348 2325 437 2369 fere
465 2327 569 2369 viris
598 2326 734 2369 doctis
764 2352 819 2358 —
848 2330 1025 2382 excepto
1054 2340 1141 2369 una
1171 2324 1443 2379 Hertzbergio
1473 2324 1555 2376 (ed.
1580 2324 1723 2369 Halae

218 2402 230 2447 ’ᾖ
230 2391 499 2452 -1843-45)
528 2417 584 2424 —
613 2394 885 2450 acciperetur,
912 2393 974 2436 ita
1001 2397 1157 2448 tamen,
1185 2397 1231 2436 ut
1260 2392 1316 2435 ab
1345 2391 1442 2435 aliis
1460 2391 1598 2435 artius
1625 2405 1723 2436 con-
1749 2449 1755 2452 μ

215 2454 535 2517 'sti-ingeretur,
584 2462 640 2505 ab
681 2462 780 2505 aliis
825 2461 957 2505 latius
1005 2464 1324 2528 propagaretur.
1395 2458 1494 2502 Jam
1536 2472 1591 2503 ea
1629 2459 1723 2505 sola

268 2527 435 2591 uaestio
463 2532 607 2584 restat,
632 2542 737 2571 ιιιιιιι
767 2541 952 2573 conexus
973 2529 1207 2571 carminum
1226 2527 1358 2571 etiam
1386 2526 1722 2582 interpolationi-

210 2588 320 2656 ,δίε
334 2594 596 2652 interruptus
625 2595 691 2639 sit.
748 2597 811 2639 Ac
824 2594 1178 2646 Lachmannum
1166 2608 1305 2651 ipsum
1333 2606 1418 2635 non
1437 2593 1587 2649 paucis
1615 2593 1722 2637 loeis
1861 2623 1864 2625 -
1892 2609 1985 2655 1³52.

209 2657 405 2709 {medices
453 2661 732 2717 interpolatos
778 2675 872 2705 esse
921 2661 1137 2717 cognitum
1186 2661 1386 2704 habuisse
1433 2659 1542 2704 satis
1587 2659 1724 2732 multa
1846 2692 1849 2695 .
1957 2696 1961 2704 ,.
1976 2658 1982 2695 j
