2031 2976
536 220 684 279 deberi
711 213 884 277 minime
913 223 1164 266 invidemus,
1220 222 1350 265 Recte
1379 219 1522 265 autem
1542 216 1737 276 Ungerus

481 282 734 351 J‘Pliiletaea
772 295 814 334 et
852 283 1132 347 Propertiana
1181 289 1578 345 Neubrandenburg
1630 291 1735 332 1850

436 360 593 410 eontra
613 358 728 402 illius
763 354 1153 416 interpretationem
1187 358 1407 414 disputare
1437 356 1541 399 mihi
1571 357 1738 400 videtur

377 412 515 479 dicat:
553 427 753 470 Laudem
777 427 994 470 doctrinae
1023 426 1281 470 metiendam
1311 439 1406 469 esse
1435 439 1520 468 non
1551 424 1736 469 audacia

393 492 444 539 di
453 495 533 540 sed
561 495 771 546 rationum
791 494 1094 552 probabilitate
1114 507 1222 549 quas
1243 497 1410 537 secutus
1430 497 1560 550 poeta
1579 506 1735 536 novam

241 560 563 627 {aaudltam
593 563 783 606 fabulam
813 563 1033 606 induxisse
1062 563 1269 606 videatur.

358 629 557 673 Eandem
597 630 853 673 sententiam
892 629 1122 672 Mauricius
1160 629 1374 684 Hauptius
1413 629 1633 684 profitetur
1661 629 1735 684 qui

356 697 648 741 uaestionibus
678 697 969 753 Propertianis
998 696 1157 754 (opusc.
1186 697 1241 752 ΙΙ,
1260 710 1301 752 p.
1322 695 1393 754 60)
1423 696 1549 740 dicit:
1586 709 1736 740 caven-

373 777 469 823 esse
488 778 551 811 *ne
571 765 835 820 Propertium
862 765 1062 808 obscuras
1093 765 1261 808 fabulas
1282 769 1469 807 secutum
1499 768 1576 808 aut
1595 764 1735 819 negle—

334 835 399 878 ter
426 831 599 877 diversa
618 833 917 889 promiscuisse
942 833 1175 876 credamus.
1235 832 1341 876 Cum
1364 831 1516 888 quibus
1536 830 1735 886 equidem

246 907 449 957 ptorsus-
464 902 713 945 consentio..
768 901 853 943 Cur
899 902 1011 943 enim
1055 901 1318 956 Propertium
1356 915 1382 943 a
1420 901 1548 942 solita
1588 899 1735 942 fabula

282 967 487 1028 'ecessisse
515 972 558 1012 et
587 968 821 1024 quamlibet
862 981 1017 1012 novam
1047 968 1266 1012 induxisse
1295 968 1584 1011 existimemus
1613 967 1735 1023 cujus

213 1030 317 1080 *ne
335 1037 447 1078 ratio
475 1037 647 1091 quidem
679 1050 751 1078 cur
780 1037 833 1078 sit
861 1037 1105 1091 excogitata
1135 1037 1223 1078 ulla
1253 1036 1486 1091 probabilis
1515 1036 1663 1079 extet?

209 1116 225 1149 ζ
316 1118 318 1121 ’
364 1104 481 1147 Idem
517 1103 740 1147 dicendum
776 1107 840 1147 est
880 1103 933 1147 de
962 1116 1101 1159 poena
1130 1104 1317 1146 natantis
1347 1103 1540 1160 Argynni
1569 1102 1628 1160 (v.
1649 1102 1733 1160 22),

226 1171 308 1214 :de
337 1183 423 1226 qua
451 1170 556 1213 nihil
585 1170 703 1227 apud
731 1175 897 1214 veteres
919 1165 1143 1227 scriptores
1171 1171 1332 1226 legitur,
1362 1171 1421 1213 ita
1450 1175 1495 1212 ut
1515 1183 1609 1213 eam
1632 1183 1732 1225 quo-

207 1230 341 1293 Jqu‘e.
371 1239 561 1281 fabulam
602 1240 867 1294 Propertium
908 1243 1189 1282 commentum
1234 1253 1329 1282 esse
1378 1243 1617 1282 statuamus
1661 1252 1733 1282 ne-

242 1299 370 1351 ?cesse
400 1306 465 1349 sit.

274 1385 277 1387 ’
366 1374 453 1418 Sed
474 1374 570 1429 jam
602 1375 708 1417 satis
735 1375 788 1418 dc
807 1375 1072 1429 Hertzbergii
1101 1374 1449 1430 ineptiisdictum
1481 1378 1558 1417 est.
1605 1374 1732 1429 Equi-

252 1437 348 1486 dem
368 1441 556 1498 profecto
588 1442 624 1485 si
647 1437 873 1486 considero
904 1442 1074 1497 quantis
1095 1441 1410 1502 difficultatibus
1438 1441 1732 1496 grammaticis

213 1509 312 1556 illi
342 1522 490 1553 versus
517 1504 723 1565 laborent,
753 1514 1012 1566 quantopere
1041 1525 1068 1553 a
1100 1510 1404 1553 sententiarum
1433 1523 1547 1552 nexu
1575 1510 1732 1553 discre-

203 1581 363 1634 spent,
392 1590 521 1632 quam
551 1591 636 1620 non
665 1577 812 1620 fabula
840 1577 935 1634 ipsa
965 1591 1057 1621 cum
1089 1590 1141 1620 ea
1180 1590 1319 1620 rerum
1347 1578 1590 1620 narratione
1619 1590 1731 1632 quae

243 1645 369 1702 apud
409 1659 555 1689 omnes
590 1645 697 1689 alios
737 1646 960 1701 scriptores
999 1646 1171 1701 legitur,
1209 1650 1427 1700 congruat,
1466 1645 1608 1689 facere
1646 1660 1731 1689 non

250 1717 442 1773 possum,
483 1713 585 1768 quin
624 1726 651 1755 a
690 1713 909 1770 Propertio
949 1726 1022 1756 eos
1062 1712 1372 1768 abjudicandos
1410 1717 1452 1755 et
1491 1726 1567 1769 pro
1606 1713 1731 1756 inter—

203 1803 214 1810 ν
240 1780 468 1843 ζρο1ιιτίοιιθ
508 1781 614 1824 satis
660 1782 831 1836 quidem
870 1795 1071 1837 perversa
1110 1785 1152 1824 et
1190 1781 1344 1824 audaci
1380 1780 1599 1860 habendos
1636 1794 1731 1825 esse

244 1848 460 1892 censeam.

210 1960 218 1964 ,
299 1910 302 1911 ’
363 1916 468 1959 Inde
507 1920 648 1959 autem
686 1916 1029 1972 interpolatorem
1072 1916 1305 1971 profectum
1344 1928 1436 1959 esse
1475 1915 1655 1970 conjicio
1687 1919 1733 1958 ut

116 2025 126 2042 ›.
208 1979 448 2040 §querelas
482 1987 635 2039 poetae
673 1983 727 2026 de
755 1983 916 2038 juvene
951 1996 1067 2038 aqua
1105 1996 1242 2026 merso
1283 1983 1478 2039 exemplo
1517 1983 1602 2026 alio
1643 1984 1733 2026 scil.

135 2072 139 2078 ·
236 2052 436 2109 querelis
481 2053 816 2107 Agamemnonis
855 2052 908 2095 de
948 2053 1150 2108 Argynno
1192 2065 1304 2106 aqua
1341 2065 1477 2095 merso
1517 2052 1732 2107 explic-are

118 2115 128 2123 ⁷
206 2112 391 2179 {Tj‘v‘elleb
419 2119 526 2161 satis
555 2120 667 2162 male
688 2120 898 2196 Propertii
918 2120 1153 2163 doctrinam
1183 2119 1510 2175 mythologicam
1531 2119 1733 2175 imitatus,

210 2180 408 2242 „Lquippe
439 2187 510 2241 qui
530 2188 779 2242 Argynnum
799 2188 843 2229 in
872 2187 1044 2230 flumine
1060 2188 1264 2244 Gephisso
1284 2188 1500 2230 lavantem
1520 2187 1733 2230 interiisse

208 2249 238 2275 :⁴-
250 2246 476 2308 ignoraret.
542 2255 635 2296 Huc
675 2254 804 2297 etiam
844 2268 1049 2298 conexum
1089 2255 1333 2298 haerentem
1372 2258 1413 2296 et
1452 2254 1564 2308 quod
1604 2268 1732 2297 curae

244 2319 352 2363 ulae
379 2319 713 2376 Agamemnonis
747 2322 884 2378 primo
907 2319 1005 2364 'l'oco
1045 2326 1426 2365 commemorantur
1465 2321 1730 2365 referendum

201 2425 229 2443 ,ᾗ
250 2390 346 2448 esse
374 2387 565 2432 arbitror.
623 2388 858 2443 Sequentes
888 2393 1030 2432 autem
1061 2402 1208 2432 versus
1238 2390 1292 2431 ab
1323 2389 1407 2431 alio
1427 2389 1732 2444 interpolatore

208 2451 422 2517 {additos
450 2459 545 2499 esse
574 2455 804 2500 verisimile
832 2461 907 2513 est,
936 2457 1010 2512 qui
1039 2470 1133 2500 cum
1155 2457 1346 2513 Argynni
1374 2456 1615 2512 exemplum
1647 2469 1731 2511 quo

206 2522 481 2585 *spectarem
520 2522 722 2579 nesciret,
758 2528 899 2568 cetera
938 2537 1048 2579 quae
1083 2525 1222 2580 plane·
1248 2524 1433 2567 absurda
1463 2528 1560 2566 sunt
1588 2524 1732 2567 confa-

248 2586 420 2640 bulatus
448 2593 523 2633 est.

283 2680 316 2719 ,ν
363 2655 464 2714 ,Iam
495 2658 688 2700 versibus
716 2660 802 2701 illis
831 2659 980 2714 ejectis
1010 2674 1094 2702 non
1130 2661 1262 2702 solum
1294 2659 1524 2702 sententias
1552 2661 1732 2702 celerius

279 2728 423 2771 iurare
451 2723 618 2770 videbis
647 2725 724 2770 sed
753 2726 884 2770 etiam
912 2727 1042 2771 verba
1071 2740 1217 2771 versus
1247 2728 1320 2770 25:
1362 2725 1551 2780 „reddite
1579 2740 1733 2784 corpus
