2031 2976
409 367 430 375 ’
454 367 727 422 >quaestione
753 367 1032 423 spectandum
1061 344 1128 410 sit.
1794 398 1799 400 .
1826 403 1829 405 ,

442 432 493 480 θ’
503 433 700 491 primum
722 435 899 490 apertae
942 433 1277 490 interpolationis
1318 433 1543 489 vestigium
1583 447 1690 490 prae
1729 445 1780 484 se
1800 414 1835 459 Ῠ
1905 468 1930 490 2

410 495 615 548 'versus
657 502 706 557 V,
736 504 772 556 5,
803 503 920 542 55-
928 503 980 543 56
1011 501 1065 544 de
1104 501 1256 555 quibus
1295 500 1596 544 Lachmannus
1631 501 1838 559 diepa-'12
1915 510 1939 521 ”

411 564 586 625 cdlv,
616 572 652 625 7,
681 571 862 612 23-24
893 583 933 625 p.
963 570 1066 612 262:

345 664 351 667 -
373 680 375 683 ,
429 638 494 679 53.
525 637 689 685 Aurum¹
714 640 918 691 spectato,
946 649 1031 678 non
1061 648 1171 690 quae
1190 648 1342 677 manus
1372 602 1526 678 afferat
1554 649 1715 690 aurum,
1757 640 1766 649 “

386 757 390 759 Α
493 703 685 747 versibus
713 703 872 747 auditis
901 702 1002 758 quid
1031 703 1113 745 nisi
1143 702 1276 745 verba
1305 702 1448 746 feres?

355 813 366 821 „
427 771 539 823 Quid
561 770 690 826 juvat
722 775 869 813 ornato
898 771 1126 826 procedere
1156 770 1245 812 vita
1274 771 1425 826 capillo
1467 794 1473 799 -

494 842 537 882 et
565 843 714 882 tenues
744 837 835 882 Coa
863 842 983 882 veste
1013 850 1183 881 movere
1213 837 1362 880 sinus?

429 905 511 957 Qui
541 919 688 949 versus
718 905 832 949 Coae
863 905 1027 949 dederit
1056 917 1133 949 nec
1162 918 1338 948 munera
1367 905 1498 948 vestis

490 966 615 1021 istius
644 973 720 1015 tibi
751 973 804 1015 sit
834 972 965 1015 surda
997 972 1086 1015 sine
1116 984 1215 1015 aere
1243 972 1348 1027 lyra.

403 1040 591 1083 Primum
621 1040 747 1095 igitur
766 1053 967 1095 magnam
999 1039 1281 1095 suspicionem
1312 1045 1462 1094 movet,
1491 1040 1605 1094 quod
1626 1053 1776 1084 versus
1812 1034 1822 1038 ”

293 1100 472 1150 55456
491 1100 621 1151 etiam
640 1108 684 1149 in
705 1107 791 1150 alio
812 1107 999 1150 carmine
1018 1107 1233 1161 leguntur:
1262 1107 1293 1160 Ι,
1306 1108 1344 1160 2,
1357 1109 1375 1147 1
1389 1108 1476 1148 —2
1497 1106 1576 1149 hoc
1595 1120 1775 1150 conexu:

426 1174 536 1226 Quid
560 1175 689 1229 juvat
719 1178 868 1216 ornato
897 1174 1125 1230 procedere
1153 1174 1244 1216 vita
1275 1173 1429 1228 capillo

495 1245 537 1284 et
567 1246 715 1285 tenues
745 1241 835 1284 Coa
863 1245 982 1284 veste
1011 1253 1180 1284 movere
1211 1241 1360 1283 sinus?

426 1309 511 1351 Aut
541 1309 642 1363 quid
673 1308 859 1353 Orontea
888 1309 1025 1352 crines
1054 1308 1307 1364 perfundere
1336 1322 1478 1350 murra

463 1418 466 1420 ,
495 1380 621 1431 teque
650 1377 886 1432 peregrinis
916 1376 1100 1420 vendere
1128 1376 1371 1419 muneribus

426 1444 701 1496 Naturaeque
731 1444 859 1485 decus
889 1447 1076 1485 mercato
1105 1442 1283 1498 perdere
1312 1443 1425 1484 cultu

492 1523 571 1553 nec
601 1511 738 1555 sinere
767 1511 809 1553 in
839 1510 1022 1567 propriis
1051 1510 1241 1553 membra
1270 1511 1404 1553 nitere
1421 1502 1590 1554 bonis?

407 1577 563 1619 'Crede
593 1577 697 1619 mihi
725 1591 811 1619 non
839 1578 929 1619 ulla
957 1580 1099 1619 tuaest
1128 1577 1338 1619 medicina
1367 1576 1552 1632 figurae3

492 1644 630 1687 nudus
659 1645 791 1687 Amor
820 1644 984 1687 formae
1013 1658 1097 1687 non
1126 1648 1245 1687 amat
1274 1643 1488 1687 artificem.

402 1710 666 1766 Quamquam
707 1716 851 1755 autem
892 1713 1063 1768 saepius
1103 1712 1274 1767 accidit,
1323 1716 1369 1754 ut
1397 1712 1526 1769 iidem
1556 1726 1706 1755 versus
1745 1727 1774 1756 a

202 1830 212 1839 Δ,
233 1819 247 1840 .·
288 1782 417 1835 poeta
445 1783 700 1836 repetantur,
729 1785 874 1824 tamen
902 1780 985 1822 nisi
1006 1781 1050 1822 in
1079 1779 1227 1824 eodem
1257 1781 1325 1823 vel
1354 1779 1483 1822 simili
1504 1792 1666 1824 conexu
1695 1780 1775 1824 hoc

200 1846 227 1876 ⁸²2
263 1838 379 1892 ⁵‘fieri
395 1860 398 1861 ⁷
417 1860 499 1889 non
541 1851 693 1903 potest.
757 1847 857 1891 Jam
898 1860 998 1891 vero
1037 1847 1080 1890 in
1119 1848 1305 1891 carmin'e
1341 1848 1373 1903 Ι,
1401 1849 1427 1889 2
1467 1847 1773 1892 sententiarum

272 1924 423 1972 „nexus
450 1928 625 1970 prorsus
663 1915 856 1959 diversus
885 1920 949 1958 est
979 1916 1034 1958 ab
1063 1929 1114 1959 eo
1143 1929 1256 1958 nexu
1286 1915 1358 1969 qui
1387 1915 1430 1956 in
1462 1915 1647 1958 carmine
1676 1915 1726 1971 V,
1747 1919 1772 1958 5

274 1972 522 2028 intercedit.
579 1982 671 2025 Illic
690 1983 804 2026 enim
834 1986 961 2039 poeta
992 1983 1174 2026 amicam
1204 1982 1462 2037 dehortatur,
1491 1994 1546 2024 ne
1576 1994 1622 2024 se
1641 1982 1773 2026 nimio

281 2040 406 2095 ,cultu
434 2053 571 2104 ornet,
611 2063 704 2093 cum
743 2050 840 2106 ipsa
868 2063 945 2106 per
973 2063 1020 2093 se
1049 2050 1155 2093 satis
1183 2049 1359 2106 pulchra
1390 2049 1461 2104 sit,
1505 2048 1584 2092 hic.
1602 2050 1656 2093 de
1685 2064 1774 2093 mu-

281 2115 458 2172 'neribus
482 2117 634 2172 agitur,
664 2130 774 2171 quae
804 2113 1018 2160 amatores
1048 2117 1206 2173 puellis
1235 2117 1383 2164 offerre
1412 2117 1559 2160 solent.
1618 2117 1669 2159 In
1698 2117 1773 2161 illo

287 2183 480 2242 carmine
494 2184 790 2238 interrogatio:
824 2185 950 2238 „quid
963 2185 1114 2239 juvat“
1136 2188 1178 2227 et
1198 2184 1455 2226 suavissima
1476 2184 1550 2225 illa
1571 2184 1772 2228 allocutio

281 2247 429 2302 ’,ἢν
462 2250 509 2293 id
538 2255 752 2306 spectant,
791 2256 836 2294 ut
876 2252 1154 2307 asperitatem
1185 2251 1278 2306 ejus
1307 2251 1368 2293 rei
1398 2264 1525 2305 quam
1556 2255 1685 2306 poeta
1715 2252 1792 2295 ab'

272 2315 427 2373 am‘ica
463 2309 588 2373 petit,
610 2342 665 2347 —
694 2318 854 2361 scilicet
893 2323 939 2360 ut
978 2331 1143 2361 omnem
1187 2319 1343 2360 cultum
1374 2317 1547 2372 abjiciat
1575 2342 1632 2349 ——
1661 2319 1773 2362 miti-

276 2378 411 2440 gent,
434 2383 530 2428 hoc
566 2386 658 2429 loco
689 2386 812 2464 quid·
820 2386 896 2429 illa
926 2386 1006 2429 sibi
1042 2386 1189 2442 velint,
1229 2400 1313 2429 non
1351 2385 1561 2441 intellego,
1629 2385 1773 2439 Quare

272 2635 282 2642 ¹
305 2639 309 2645 ³
331 2569 459 2642 367).
516 2588 602 2631 Sed
630 2588 818 2632 Jacobus
857 2590 930 2644 qui
965 2589 1097 2632 multa
1136 2590 1180 2631 in
1219 2602 1297 2630 sua
1338 2589 1527 2631 editione
1562 2589 1773 2645 Propertii
1824 2572 1834 2610 ἡ·

270 2640 434 2711 ἶξξέἒςῖ)
465 2653 643 2723 feliciter
671 2655 881 2712 defendit,
922 2668 1035 2712 quae
1063 2655 1364 2700 Lachmannus
1396 2654 1578 2711 juvenili
1615 2652 1772 2701 ardore
