2031 2976
363 227 516 273 humo“
549 228 722 274 facilius
749 228 809 273 ad
837 217 1090 285 Aquilonem
1120 235 1164 275 et
1192 232 1442 289 Neptunum
1471 229 1753 292 referuntur,j
1749 223 1760 232 ’
1777 268 1779 270 -

367 292 452 341 duo
482 300 648 340 tantum
677 297 861 340 disticha
889 298 979 342 scil.
1014 297 1163 342 versus
1194 300 1370 343 17-420
1399 301 1731 364 intercedant.
1746 292 1820 322 ““’

320 417 322 421 ⁴
364 356 511 407 autem
551 354 887 420 appellationem
925 368 1014 408 toto
1053 367 1242 410 carmine
1271 379 1405 424 saepe
1432 352 1748 430 interpositam

363 431 540 474 Barthio
570 431 630 487 (p.
651 431 753 488 206)
783 432 846 475 ita
874 432 1060 488 explico:
1102 433 1152 476 Id
1190 448 1320 477 unum
1349 435 1475 479 modo
1512 435 1749 482 tenendum

362 497 544 543 Paetum
583 502 737 555 poetae
778 499 961 543 amicum
991 488 1246 556 phantasiae
1275 500 1486 558 Propertii
1527 515 1696 561 semper
1731 510 1763 562 'p
1828 498 1890 526 ’Ὺ

362 570 523 609 sentem
563 566 787 611 inhaerere
823 567 932 610 adeo
972 572 1018 610 ut
1057 569 1248 623 qualibet
1287 570 1533 614 occassione
1572 571 1630 614 ad
1665 582 1762 615 eum

361 637 515 677 currat.

475 711 639 763 Quibus
678 713 740 756 ita
781 713 1011 769 disputatis
1053 715 1107 758 de
1156 715 1432 770 sequentibus
1471 716 1665 760 versibus
1712 718 1882 777 pauca

362 778 433 834 adj
442 792 662 834 ungamus.
722 780 929 824 Codicum
959 783 1072 825 enim
1101 782 1313 850 scriptura
1342 796 1491 826 versus
1519 785 1574 826 29
1602 783 1711 829 haec
1737 788 1852 835 ests,-

633 859 693 912 ite
723 863 837 903 nates
868 873 1024 904 curvae
1053 864 1095 905 et
1123 847 1200 904 leti
1229 861 1361 905 texite
1391 873 1556 905 causas.

479 937 602 988 Quae
632 938 766 981 verba
797 952 890 981 cum
932 943 1103 994 propter
1130 940 1330 982 metricas
1369 940 1556 984 rationes
1596 941 1658 985 sic
1696 942 1885 998 scripta

361 1005 462 1048 ferri
490 1009 718 1061 nequeant,
749 1019 896 1049 omnes
926 1006 1014 1049 fere
1044 1006 1117 1061 qui
1139 1006 1404 1062 Propertium
1434 1007 1675 1065 ediderunt,
1703 1009 1854 1053 Passe-

360 1073 462 1115 ratii
491 1073 781 1127 conjecturam
812 1074 1000 1129 amplexi
1031 1077 1142 1129 sunt,
1173 1074 1245 1129 qui
1274 1074 1337 1116 ita
1366 1087 1535 1118 versum
1565 1075 1768 1120 restituit:

629 1150 688 1195 ite
719 1155 836 1194 rates
865 1165 1016 1205 curvas
1046 1155 1088 1194 et
1116 1152 1191 1194 leti
1221 1151 1349 1195 texite
1379 1165 1546 1196 causas.

474 1230 560 1273 Sed
596 1229 676 1272 hoc
706 1230 831 1272 modo
862 1230 898 1272 si
928 1230 1208 1272 emendamus
1236 1243 1412 1285 prorsus
1441 1243 1645 1285 perversa
1665 1235 1730 1273 est
1757 1244 1852 1288 par-

359 1297 489 1339 ticula
521 1297 768 1352 copulativa
799 1304 856 1340 et:
905 1297 1017 1339 Nam
1047 1297 1300 1339 sententiam
1331 1297 1554 1340 verborum
1594 1297 1734 1356 ipsam
1777 1310 1852 1354 per
1892 1316 1895 1317 ⁷
1921 1324 1930 1335 =

361 1376 407 1406 se
437 1364 473 1406 si
502 1364 755 1419 respicimus
785 1364 877 1415 „leti
908 1367 1086 1406 causas“
1120 1363 1405 1419 appositionis
1434 1364 1528 1407 loco
1558 1363 1860 1420 accipiendum.

360 1445 456 1474 esse
486 1435 690 1487 apparet:
740 1433 798 1474 ite
832 1434 954 1478 vrates
994 1444 1146 1474 curvas
1186 1432 1260 1474 leti
1291 1444 1444 1474 causas
1472 1431 1605 1475 texite
1633 1424 1731 1487 pro:
1777 1431 1866 1485 ite„

358 1503 472 1541 ratcs
502 1511 657 1540 curvas
686 1497 912 1541 aedificate
953 1510 1064 1552 quae
1095 1498 1215 1546 vobis
1246 1510 1403 1540 causae
1432 1498 1581 1540 mortis
1609 1501 1767 1553 erunt,'
1788 1498 1852 1540 ita
1968 1498 1981 1506 “

359 1571 405 1607 ut
434 1566 608 1608 verbum
638 1565 802 1608 finitum
829 1566 1008 1617 „texite“
1044 1578 1089 1608 se
1118 1565 1401 1620 applicaverit
1429 1565 1487 1608 ad
1517 1564 1850 1621 appositionem:

356 1632 432 1675 leti
461 1644 628 1674 causas.
686 1632 798 1674 Illud
828 1636 991 1674 autem:
1031 1635 1144 1674 rates
1174 1644 1331 1675 curvae
1361 1639 1401 1675 et
1428 1632 1505 1675 leti
1535 1644 1690 1675 causas
1718 1632 1874 1676 texite·

356 1700 518 1742 nullam
549 1699 679 1742 habet
699 1699 1052 1755 probabilitatem.
1113 1699 1211 1742 Alia
1244 1699 1413 1754 quidem
1441 1699 1606 1742 ratione
1629 1698 1849 1743 Broukhu-

357 1767 447 1810 sius
477 1767 550 1822 qui
568 1766 841 1810 Gronovium
878 1767 1068 1821 sequitur
1097 1766 1154 1822 (p.
1185 1767 1285 1822 244)
1308 1766 1638 1823 ·interpretatur;
1679 1769 1849 1810 conten-
1897 1802 1899 1805 ,
1949 1796 1951 1800 .
1979 1788 2028 1824 3-

358 1835 421 1877 dit
449 1835 561 1877 enim
591 1835 669 1876 illa
699 1834 831 1877 verba
859 1834 938 1876 hoc
968 1834 1092 1876 modo
1122 1847 1217 1876 esse
1247 1833 1565 1889 conjungenda:
1594 1834 1653 1877 ite
1673 1838 1715 1877 et
1734 1827 1849 1878 rates
1974 1835 1983 1843 ⁴
2022 1825 2026 1834 ⁸

357 1915 509 1945 curvas
538 1901 612 1945 leti
642 1915 797 1944 causas
826 1901 969 1944 texite.
1028 1901 1114 1944 Sed
1142 1913 1361 1955 nunquam
1397 1914 1451 1945 ne
1480 1900 1726 1944 doctissimo
1756 1901 1845 1956 qui-
1936 1941 1999 1962 ὦ

356 1969 454 2012 dem
484 1970 576 2011 viro
616 1969 661 2011 id
691 1969 866 2011 concedi
899 1969 1047 2022 debet,
1092 1972 1138 2010 ut
1176 1972 1350 2024 propter
1388 1969 1516 2011 vilem
1558 1960 1869 2022 conjecturam—
1904 1959 2027 2015 »233

355 2041 489 2079 totam
519 2036 779 2080 latinitatem
810 2040 1037 2092 pervertat.
1097 2035 1220 2087 Quae
1250 2039 1315 2079 est
1345 2036 1458 2079 enim
1503 2035 1580 2078 illa
1608 2035 1732 2077 latini
1762 2047 1868 2079 ser-⁷
1987 2026 1994 2034 ‘

355 2104 494 2147 monis
529 2105 599 2147 lex
638 2108 705 2158 ut,
753 2104 790 2146 si
838 2104 922 2147 duo
961 2104 1195 2146 accusativi
1237 2117 1314 2160 per
1352 2108 1394 2146 et
1424 2103 1517 2158 conj
1525 2103 1639 2150 uncti
1677 2103 1734 2145 ab
1762 2116 1846 2145 uno

355 2172 486 2215 verbo
516 2172 743 2214 transitivo
773 2171 961 2226 pendent
1000 2171 1108 2214 alter
1121 2182 1123 2187 ’
1137 2171 1422 2227 appositionis
1452 2171 1545 2213 loco
1575 2169 1846 2226 accipiendus

355 2239 443 2281 sit?
502 2231 679 2281 Prorsus
711 2239 812 2280 talis
842 2238 1013 2281 licentia
1042 2237 1277 2293 rejicienda
1306 2243 1383 2281 est.

468 2317 565 2368 Qua
595 2317 650 2359 de
679 2330 813 2360 causa
842 2317 1078 2360 Passeratii
1108 2317 1396 2371 conjecturam
1432 2316 1629 2370 quamvis
1660 2305 1715 2357 sit
1743 2315 1845 2358 faci-
1905 2370 1907 2374 ,
1937 2359 1940 2372 2

354 2384 408 2427 lis
457 2384 651 2440 improbo
699 2388 741 2427 et
781 2384 973 2426 codicum
1023 2384 1280 2440 scripturam
1329 2384 1510 2427 retinere
1550 2382 1694 2426 malim
1734 2393 1845 2436 quae

355 2452 486 2494 multo
516 2452 668 2494 melius
698 2464 793 2494 cum
824 2453 1130 2494 sententiarum
1169 2465 1283 2494 nexu
1313 2455 1356 2494 et
1385 2464 1479 2494 cum
1509 2449 1686 2493 consilio
1715 2449 1844 2493 totius
1904 2473 1906 2475 >

355 2519 559 2562 carminis
588 2518 785 2574 quadrat.
842 2519 956 2562 Nam
985 2519 1170 2575 primum
1190 2518 1389 2562 commoti
1417 2521 1461 2575 et
1479 2516 1691 2561 fluctantis
1710 2516 1855 2561 animi.
1918 2537 1989 2542 -

354 2586 495 2641 magis
524 2586 742 2642 proprium
773 2590 849 2642 est,
888 2591 1004 2629 rates
1032 2586 1152 2643 ipsas
1183 2587 1289 2630 sicut
1318 2585 1468 2643 primis
1497 2585 1690 2628 versibus
1717 2586 1864 2642 pecu-⁴

353 2653 481 2699 niam
500 2654 733 2710 appellari,
771 2657 860 2696 tum
900 2653 1038 2696 ironia
1079 2667 1192 2709 qnae
1231 2654 1275 2696 in
1305 2653 1392 2696 illis
1420 2656 1622 2708 quattuor
1650 2653 1843 2697 versibus
1882 2649 1885 2651 ’

352 2722 521 2768 29-32
552 2720 680 2776 inest,
728 2720 935 2779 majorem
973 2721 1059 2767 vim
1095 2722 1274 2779 accipit,
1311 2721 1348 2765 si
1387 2724 1515 2778 poeta
1549 2733 1686 2765 naves
1720 2720 1879 2778 ipsas
