2031 2976
704 196 774 241 ,·
773 177 994 244 praemia
1021 134 1117 228 dira
1156 178 1213 227 ad
1252 180 1434 250 patrios
1431 178 1564 232 lares
1595 140 1788 250 reterre?
1800 178 1818 230 ’ςῖ

670 246 814 301 modo
842 256 1020 309 possunt
1033 251 1130 296 dici
1142 251 1227 295 nisi
1246 251 1353 295 forte
1373 241 1604 308 cynthiam
1623 237 1759 297 Amass·

567 308 644 364 as.
701 319 789 364 Sed
816 324 862 363 ut
889 319 1140 364 recedamus
1169 319 1226 362 ab
1253 319 1328 362 illo
1358 323 1622 376 argumento,
1649 325 1765 378 quo»->

442 385 565 441 ersus
595 388 758 433 19—22
787 376 1064 450 interpolatos
1093 399 1187 431 esse
1215 386 1327 430 infra
1356 387 1753 443 demonstrabimus,
1811 391 1814 394 ’

420 465 589 516 „versus
622 456 785 499 13--18
826 455 883 499 ad
913 455 1142 513 Cynthium
1180 455 1285 498 nihil
1314 455 1543 512 pertinent,
1591 448 1771 512 quippe

438 519 654 568 sermones
700 523 920 567 hominum
961 524 1090 580 plane
1128 522 1430 580 contempsisse
1458 515 1588 579 poeta
1615 523 1750 568 dolet:

316 584 336 649 ἴ
351 590 408 648 5,Υ
422 586 543 647 1-2,
573 593 760 634 29⁷·—302

303 661 330 668 q
432 702 449 717 1
471 671 565 714 Hoe
593 675 780 715 verumst
809 674 899 713 tota
928 675 970 713 te
999 670 1100 714 ferri
1131 670 1314 727 Cynthia
1342 671 1480 713 Roma

573 743 616 782 et
644 751 729 781 non
757 739 903 792 ignota
931 738 1076 781 vivere
1106 738 1324 792 nequitia?

471 804 607 849 Crede
635 805 738 849 mihi
768 810 944 858 quamvis
973 812 1204 849 contemnas
1232 820 1436 848 murmura
1460 810 1614 858 famae,

570 872 640 915 hic
667 872 744 915 tibi
773 873 927 928 pallori
956 872 1144 928 Cynthia
1175 886 1324 916 versus
1351 873 1442 916 erit.

298 1009 302 1012 Α
382 950 533 1006 Neque
561 952 703 995 Keilio
733 951 921 995 assentio
952 951 1025 1006 qui
1067 954 1125 1008 (p.
1155 953 1227 1005 24)
1258 952 1522 1007 Propertium
1562 951 1629 994 his
1658 963 1749 994 ver·
1781 1007 1784 1008 ⁷

218 1015 388 1074 »ssibus
415 1019 462 1061 id
490 1023 710 1076 spectasse
748 1020 1070 1075 interpretatur,
1111 1024 1156 1062 ut
1188 1019 1415 1076 Cynthiam
1455 1032 1643 1063 amorem
1683 1019 1749 1061 sui

210 1080 547 1145 'pfabjieientem
575 1088 764 1131 retineat.
822 1088 934 1131 Nam
972 1087 1044 1131 vix
1084 1092 1148 1131 est
1186 1087 1402 1143 credibile,
1443 1086 1670 1144 Cynthiam
1711 1087 1749 1130 si

214 1148 474 1212 *fsamorem‘
493 1159 646 1211 poetae
682 1154 868 1209 abjicere
906 1145 1053 1210 ⁴vellet,
1097 1160 1327 1198 extremas
1347 1158 1481 1197 terras
1519 1155 1747 1210 petituram

215 1219 413 1279 phasse,
443 1223 695 1277 praesertim
725 1236 818 1265 eum
848 1235 1015 1277 semper
1042 1223 1162 1265 illam
1191 1223 1328 1266 levem
1348 1235 1399 1265 ac
1428 1222 1634 1278 perfidam
1653 1235 1748 1282 esse

265 1292 396 1377 pecta
424 1289 619 1353 plurimis
647 1289 752 1332 loeis
782 1290 969 1345 queritur
998 1289 1114 1332 velut
1142 1290 1175 1344 Ι,
1209 1293 1268 1344 15,
1302 1291 1428 1332 1—2:

472 1368 612 1423 Saepe
641 1382 719 1423 ego
747 1369 880 1410 multa
908 1372 1008 1411 tuae
1036 1368 1224 1411 levitatis
1254 1369 1360 1411 dura
1390 1368 1593 1411 timebam
1634 1362 1637 1365 ’

570 1435 651 1478 hac
680 1440 822 1478 tamen
853 1439 1035 1491 excepta
1064 1434 1250 1492 Cynthia
1279 1434 1467 1491 perfidia.

209 1553 214 1573 z
380 1514 520 1557 Aliam
561 1515 814 1558 sententiam
843 1515 1144 1569 Hertzbergius
1174 1516 1231 1571 (p.
1254 1514 1352 1571 200)
1392 1514 1630 1570 proposuit,
1673 1515 1747 1569 qui

207 1582 223 1642 -’
245 1566 438 1643 poetam
476 1595 618 1626 secum
659 1583 965 1637 colloquentem
1001 1583 1125 1637 facit,
1168 1596 1291 1636 quem
1331 1582 1524 1637 sequitur
1557 1581 1746 1625 Drenck-

209 1654 217 1686 ῑ
241 1644 470 1711 habmus
482 1648 606 1706 (acta
628 1650 765 1692 Berol.
793 1663 833 1705 p.
865 1649 977 1705 267).
1034 1649 1120 1692 Sed
1150 1662 1296 1711 versus
1330 1651 1513 1691 13—14:

466 1728 557 1770 Ista
585 1732 705 1771 tenes
733 1728 832 1770 lieet
860 1732 1062 1770 accusent
1090 1727 1381 1770 conviviaduri

569 1808 645 1837 nos
674 1794 799 1838 modo
829 1795 1103 1850 propositum,
1132 1801 1224 1847 vita,
1256 1799 1442 1838 teramus
1471 1795 1562 1838 iter.

209 1904 233 1924 -,
267 1862 374 1916 satis
404 1856 715 1929 demonstrant,
753 1873 859 1916 haec
898 1874 1028 1916 verba
1057 1874 1114 1916 ad
1144 1874 1277 1916 alium
1308 1874 1465 1928 scripta
1494 1886 1610 1928 esse,
1649 1886 1745 1917 cum

208 1938 405 2006 j‘zssnemo
418 1941 498 1983 hoc
525 1941 650 1983 modo
691 1941 784 1997 ipse
827 1954 968 1984 secum
1006 1941 1279 1994 colloquatur.
1336 1941 1454 1983 Haec
1483 1953 1567 1982 non
1597 1940 1744 1984 dubito

211 2008 369 2069 3'·J⁵q¹.²‚i¹³
397 2020 529 2051 eausa
565 2008 691 2051 fuerit
722 2022 795 2051 cur
815 2008 1052 2050 Lindnerus
1089 2006 1374 2064 (Fleckeiseni
1403 2008 1582 2050 annales
1611 2007 1746 2063 philo-

264 2073 392 2138 logici
423 2075 577 2119 vol..x
605 2088 646 2131 p.
677 2074 777 2131 836)
807 2087 901 2118 eum
931 2074 1195 2130 Hertzbergii
1223 2074 1476 2118 sententiam
1506 2077 1746 2118 sustentare

262 2142 411 2205 studet
412 2148 466 2198 et
493 2156 642 2186 versus
675 2145 789 2185 13-
805 2145 855 2185 18
875 2147 972 2198 post
991 2156 1160 2186 versum
1181 2145 1233 2185 36
1255 2141 1524 2185 collocandos
1544 2147 1746 2187 censeret.

210 2205 232 2267 {ss
254 2207 363 2263 led
375 2209 478 2266 quid
505 2210 549 2253 in
579 2210 652 2252 illo
682 2209 985 2253 sententiarum
1016 2222 1130 2254 nexu
1159 2222 1420 2255 morosorum
1450 2221 1598 2252 senum
1628 2209 1745 2253 dicta

220 2268 230 2272 ’
252 2271 256 2275 ’
287 2277 357 2338 Ἰὶ1,
371 2278 523 2334 velint,
564 2292 658 2321 cum
691 2277 745 2321 de
784 2258 1000 2321 amoribus
1029 2277 1151 2321 Jovis
1181 2281 1224 2321 et
1252 2277 1305 2321 de
1333 2276 1497 2319 choreis
1525 2276 1744 2320 Musarum
1795 2331 1801 2335 .

260 2334 417 2404 {figatur
446 2345 644 2401 equidem
673 2358 741 2388 me
771 2345 970 2400 ignorare
999 2345 1208 2389 confiteor

222 2415 238 2459 f
329 2467 336 2470 μ
376 2411 572 2467 Denique
600 2412 874 2457 Heimreichii
903 2413 1158 2455 sententiam
1199 2424 1477 2455 commemoro
1507 2411 1581 2464 qui
1608 2415 1743 2454 totum

216 2476 233 2483 ‘⁴
262 2489 435 2523 carmen
472 2492 526 2523 ex
564 2483 764 2534 quattuor
801 2479 968 2522 laciniis
999 2483 1205 2527 constare.
1230 2477 1517 2535 pronuntiavit
1563 2477 1744 2534 (quaest.

306 2551 309 2553 “
346 2558 388 2602 p.
415 2558 456 2602 p.
489 2545 692 2604 18—19):
733 2559 881 2590 versus
915 2549 1077 2589 11—12
1117 2560 1304 2603 pannum
1334 2545 1534 2589 carminis
1562 2557 1665 2590 esse.
1686 2545 1743 2589 ad

351 2625 447 2675 ,eum
475 2615 642 2671 scripti,
668 2610 855 2658 *13—18
904 2615 1185 2670 fragmentum
1214 2613 1388 2669 elegiae
1428 2612 1484 2656 ad
1513 2612 1743 2673 Cynthiam

315 2688 432 2740 snae,
459 2695 499 2726 v.
531 2684 707 2739 19÷22,
735 2697 774 2728 v.
803 2684 969 2734 23÷40
1007 2683 1188 2727 aliorum
1227 2681 1460 2726 carminum
1489 2680 1747 2741 fragmenta..
