2031 2976
383 229 625 288 verogsseum
664 227 849 290 Cynthia
897 229 994 289 ipsa
1042 230 1319 277 reconciliata
1363 230 1505 288 gratia
1544 233 1735 277 maxima

412 301 499 357 Jsui
525 301 685 345 amoris
715 301 840 357 signa
869 300 1078 356 dedisset,
1107 300 1284 356 frigidus
1313 314 1417 345 sane
1441 305 1613 344 amator
1639 306 1734 345 erat

389 368 496 412 rtius
524 369 562 412 si
585 372 630 412 ut
659 368 838 424 benigne
867 369 1006 424 ipsum
1037 368 1254 424 exciperet
1282 382 1310 411 a
1328 368 1473 424 puella
1502 369 1734 424 petivisset.

328 462 334 473 .
361 489 373 492 ..
387 464 397 473 -
435 439 564 480 ‘recte
602 435 867 480 Fischerum,
892 435 1111 491 judicasse
1156 436 1337 478 arbitror
1385 434 1568 493 (quaest.
1609 436 1733 492 Prop.

316 505 454 545 ‘lo—1
463 503 504 560 1)
534 503 648 558 quod
675 517 760 546 non
788 508 849 546 ut-
863 503 965 547 felix
994 503 1127 558 fieret,
1168 503 1245 546 sed
1275 508 1320 545 ut
1349 504 1518 546 fortuna
1546 503 1734 546 secunda

310 567 420 614 ‘bilis
449 575 561 615 esset
589 575 743 628 poetae
772 570 1004 627 optandum
1035 570 1165 614 fuisse
1193 571 1502 627 pronuntiavit,
1535 571 1600 614 vel
1630 571 1733 614 ima-

339 652 361 681 s
375 639 520 686 >verbis
535 643 582 683 ut
596 643 711 682 utar:
740 639 891 695 minus,
919 643 965 681 ut
994 652 1147 682 navem
1176 639 1252 682 illa
1273 643 1395 694 portu
1414 639 1633 695 reciperet,
1659 639 1734 682 sed

242 706 451 766 ffij-navis
479 711 572 750 tuta
600 707 644 750 in
673 720 724 751 eo
753 712 878 763 portu
907 712 1154 750 remaneret.

362 773 513 829 Neque
541 775 680 830 magis
709 775 840 818 verba
880 788 919 818 v.
949 776 1115 817 31—32
1156 774 1212 817 ad
1250 774 1362 817 hane
1391 775 1572 829 elegiam
1608 775 1733 830 perti·

120 833 197 903 ι
219 844 363 895 ‚nent
420 841 702 884 Stultissimus
724 842 850 884 fenim
881 846 994 885 esset
1023 846 1209 897 amator,
1249 842 1321 896 qui
1351 842 1525 885 vixdum
1565 842 1610 884 in
1639 854 1733 895 gra-

249 905 354 950 tiam
383 908 555 963 puellae
594 912 788 964 receptus
817 908 984 951 discidii
1024 908 1223 951 instantis
1263 901 1519 951 mentionem
1561 908 1733 963 faceret,

102 990 198 1037 3
232 974 360 1017 sicut
388 979 530 1018 noster
557 975 717 1019 verbis:

454 1042 606 1097 quodsi
635 1042 743 1086 forte
773 1044 921 1097 aliqua
949 1042 1072 1085 nobis
1102 1043 1319 1085 mutabere
1349 1044 1485 1098 culpa.

205 1162 207 1164 ³
365 1107 459 1160 Qua
489 1109 544 1154 de
565 1122 699 1153 causa
719 1110 775 1153 ab
795 1109 878 1153 hac
897 1109 1035 1165 elegia
1055 1110 1153 1153 illos
1173 1102 1319 1153 versus
1338 1110 1616 1154 removendos
1636 1123 1731 1154 esse

104 1187 141 1206 *ε
177 1180 203 1197 ·’
252 1188 416 1219 censeo,
473 1177 623 1220 Utrum
654 1181 798 1220 tamen
827 1178 882 1220 ab
911 1178 1217 1232 interpolatore
1256 1177 1341 1219 ficti
1371 1191 1428 1219 an
1457 1178 1600 1232 potius
1621 1187 1732 1232 ‘pars

96 1282 218 1306 ᾗ
250 1235 461 1304 deperditi
489 1244 687 1287 carminis
716 1244 903 1288 habendi
932 1243 1026 1298 sint,
1056 1256 1168 1298 quae
1197 1248 1263 1287 est
1290 1244 1477 1287 Fischeri
1507 1244 1731 1299 sententia,

249 1314 375 1355 certo.
394 1310 622 1365 dijudicari
651 1312 817 1366 nequit,
856 1311 969 1365 quod
1007 1311 1052 1353 in
1082 1311 1222 1354 verbis
1251 1311 1424 1353 offensio
1453 1311 1572 1353 nulla
1600 1311 1730 1364 inest3

183 1378 195 1430 Q
250 1379 443 1436 attamen
471 1378 509 1421 si
537 1378 880 1434 probabilitatem
910 1377 1213 1421 sententiarum
1243 1378 1504 1432 quaerimus,
1533 1378 1731 1432 equidem

82 1496 87 1505 „
249 1444 564 1500 interpolatoris
593 1458 748 1500 operae
778 1446 940 1501 quippe¹
976 1445 1042 1487 cui
1072 1457 1242 1488 carmen
1283 1445 1468 1487 nondum
1497 1444 1731 1500 perfeetum

76 1508 95 1569 ζ,
105 1506 152 1574 ..3'1‘
204 1546 209 1548 .
251 1511 483 1569 videretur,
513 1512 591 1556 hos
620 1526 769 1556 versus
799 1512 1039 1556 adscribere
1069 1512 1213 1556 malim
1245 1525 1373 1567 quam
1402 1512 1501 1555 novi
1530 1511 1732 1554 carminis

83 1574 123 1598 ³
183 1604 198 1610 ⁴-
251 1578 537 1634 fragmentum
568 1592 812 1635 agnoscere.

797 1648 873 1702 111,
906 1648 967 1702 19,
997 1648 1187 1689 27—30.

388 1713 530 1757 Parvo
560 1714 708 1757 dilexit
738 1714 880 1770 spatio
908 1713 1097 1757 Minoida
1125 1713 1317 1756 Theseus

455 1781 653 1836 Phyllida
681 1781 958 1837 Demophoon
986 1781 1142 1837 hospes
1171 1785 1358 1837 uterque
1377 1782 1527 1824 malus.

385 1847 483 1890 Jam
513 1848 590 1891 tibi
619 1848 801 1891 Jasonia
828 1852 971 1891 notast
1001 1848 1153 1891 Medea
1182 1848 1327 1890 carina

453 1919 495 1959 et
523 1915 648 1959 modo
679 1918 848 1959 servato
878 1915 970 1958 sola
999 1914 1147 1958 relicta
1167 1914 1277 1957 viro.

363 1982 520 2025 Versus
550 1984 736 2025 28-29
767 1983 955 2041 duabus·
969 1981 1234 2037 potissimum
1270 1981 1323 2023 de
1353 1981 1493 2023 causis
1522 1980 1565 2022 in
1595 1981 1731 2035 suspi-

83 2075 148 2107 3,-
252 2047 414 2093 cionem
455 2050 625 2093 vocavit
660 2049 969 2093 Heimreichius
1005 2050 1175 2104 (Novae
1204 2052 1364 2102 quaest.
1393 2048 1515 2103 Prop'.
1543 2047 1731 2103 Symbol.

81 2107 161 2176 ²³52
234 2166 237 2168 ¹
251 2128 292 2170 p.
321 2116 445 2173 680),
481 2119 663 2173 primum
699 2117 812 2171 quod
840 2131 925 2159 non
954 2120 1234 2171 congruerent
1263 2129 1356 2158 eum
1386 2115 1531 2156 fabula
1559 2115 1633 2167 In,
1666 2117 1731 2167 14,

77 2179 139 2239 ’ξ
177 2196 179 2199 ⁴
256 2184 433 2226 11—12
463 2185 699 2241 explicata:
1633 2183 1635 2185 ’

109 2259 126 2271 ’
388 2251 593 2296 Colchida
621 2252 683 2296 sie
712 2252 866 2309 hospes
894 2252 1106 2307 quondam
1138 2251 1304 2307 decepit
1332 2250 1467 2293 Jason

164 2368 172 2377 .
454 2320 619 2376 ejectae
647 2320 782 2364 tenuit
810 2333 995 2376 namque
1024 2319 1186 2363 Creusa
1215 2319 1397 2362 domum.

252 2384 407 2435 deinde
444 2388 558 2442 quod
588 2387 779 2432 Theseus
817 2387 972 2443 hospes
1010 2387 1165 2429 Minois
1200 2386 1312 2441 regis
1349 2383 1492 2427 vocari
1534 2388 1730 2438 nequeat.

172 2449 209 2494 ’τ’
250 2452 309 2496 ‘At
335 2467 421 2497 non
460 2454 514 2498 de
543 2454 674 2497 Minoi
712 2454 854 2515 agitur
893 2453 969 2497 sed
1008 2453 1062 2497 de
1090 2452 1287 2496 Minoide.
1352 2450 1550 2494 Minoidis
1586 2454 1730 2493 autem

188 2541 219 2577 ³9
251 2519 408 2578 hospes
436 2520 629 2565 Theseus
657 2521 806 2565 eodem
834 2521 935 2576 jure
963 2521 1106 2564 vocari
1144 2523 1302 2576 potest,
1343 2532 1424 2573 quo
1453 2517 1731 2572 Demophoon

99 2582 167 2651 ³
250 2580 462 2645 Phyllidis
480 2587 636 2645 hospes
655 2588 820 2633 dieitur.
867 2588 916 2632 cf.
946 2587 1068 2632 ovid.
1087 2586 1245 2631 heroid.
1259 2587 1324 2649 ⁴II,
1356 2589 1390 2629 1.
1420 2588 1485 2629 57.
1516 2585 1607 2628 108.
1640 2587 1731 2627 147.

226 2649 404 2710 “Neque
432 2660 672 2712 repugnant
699 2656 832 2700 verba
860 2668 957 2699 eum
996 2655 1123 2699 solita
1160 2654 1306 2698 fabula
1346 2651 1572 2695 dummodo
1615 2652 1732 2705 „sola

243 2721 423 2779 ώσω(
440 2736 537 2778 pro:
563 2723 746 2779 deserta,
755 2723 930 2780 'prodita
949 2722 1151 2779 accipias.
1185 2721 1353 2776 Optime
1372 2723 1516 2764 autem
1535 2722 1725 2763 nostrum
