2031 2976
353 553 499 607 Quare
528 554 667 611 prima
694 568 804 611 pars
824 556 1025 599 carminis
1065 557 1169 611 quin
1198 556 1409 613 Cynthiae
1438 558 1724 602 adscribenda
1753 573 1757 576 ·

332 621 390 672 ex
427 621 481 666 iis
520 636 646 678 quae
670 623 760 666 dixi
800 623 875 667 vix
921 627 1065 686 potest
1101 624 1278 668 dubium
1317 637 1424 670 esse.
1480 625 1599 669 Idem
1626 624 1724 680 jam

220 683 432 751 j'ffacobus
459 691 520 748 (p.
553 690 653 749 178)
692 691 933 748 suspicatus
960 696 1046 747 est,
1087 693 1162 736 sed
1200 693 1456 737 sententiam
1485 706 1607 737 suam
1635 698 1725 738 tam

218 757 490 817 ,αξηᾰιαηιθτ
516 759 702 815 protulit,
730 763 777 802 ιιι
804 772 929 803 nemo
958 758 1099 803 adhuc
1127 760 1186 803 ad
1214 773 1310 804 eum
1340 761 1606 816 respexerit.

222 866 225 869 ,
348 826 480 870 'Nunc
513 839 614 871 vero
652 826 707 871 de
745 827 880 871 altera
917 827 1044 882 hujus
1083 827 1284 871 carminis
1322 833 1445 884 parte
1455 845 1476 882 ,·
1514 828 1726 883 quomodo

226 893 472 942 >,cohaereat
501 908 595 938 cum
625 894 898 951 praecedenti
926 907 1070 950 pauca
1100 895 1301 939 dicemus.

356 961 420 1005 Ac
449 961 771 1017 Lachmannus,
820 975 902 1017 quo
942 967 1036 1005 erat
1076 963 1264 1017 ingenio,
1309 977 1402 1005 cum
1433 964 1612 1007 vidisset
1641 978 1727 1008 non

74 1071 96 1081 v,
231 1041 371 1086 -posse
398 1027 506 1074 haec
534 1030 677 1074 omnia
706 1030 762 1074 ab
791 1043 878 1072 una
912 1042 1096 1087 persona
1124 1030 1360 1074 continuari
1388 1034 1614 1087 postquam
1643 1032 1727 1088 pri-

175 1105 191 1111 “
243 1108 368 1140 mam·
388 1101 555 1155 partem
577 1097 674 1152 Jam
693 1097 914 1154 Propertio
944 1097 1099 1152 tribuit,
1128 1111 1297 1141 versum
1326 1100 1379 1140 23
1409 1099 1509 1142 novi
1529 1098 1729 1142 carminis

244 1164 502 1221 principium
533 1164 634 1225 fecit
646 1198 657 1221 ,
698 1164 821 1220 cujus
850 1165 1027 1220 elegans
1048 1164 1259 1220 judicium
1288 1166 1588 1221 Hertzbergius
1615 1170 1729 1210 recte

245 1232 473 1293 aestimare
501 1232 538 1276 si
566 1233 781 1288 voluisset,
808 1247 893 1277 non
922 1232 1002 1276 hoc
1030 1237 1117 1289 toto
1148 1233 1333 1277 carmine
1363 1245 1498 1288 usque
1527 1234 1584 1277 ad
1613 1247 1652 1278 v.
1673 1236 1727 1276 25

228 1302 416 1356 poetam
454 1312 599 1343 secum
638 1301 948 1354 colloquentem
984 1300 1234 1343 induxisset.
1292 1300 1376 1343 Sed
1404 1313 1458 1343 ne
1486 1304 1655 1356 tempus
1683 1302 1729 1343 in

190 1371 194 1374 ’
241 1367 479 1429 refutandis
506 1369 642 1412 solum
681 1367 902 1412 sententiis
942 1381 1210 1423 consumam,
1255 1380 1459 1412 conexum
1488 1367 1629 1424 ipsum
1659 1381 1729 1412 ex-

244 1435 429 1490 pediam.
731 1452 733 1455 ·

358 1504 517 1548 Versus
546 1504 659 1548 enim
689 1506 876 1548 23—25:
951 1552 954 1555 ⁴
1003 1549 1007 1552 ,
1409 1555 1411 1557 ,

449 1571 546 1615 Una
576 1576 818 1616 contentum
847 1572 1009 1627 pudeat
1035 1584 1103 1614 me
1133 1571 1275 1614 vivere
1304 1571 1443 1614 amica
1456 1572 1478 1614 ‘?

550 1639 631 1683 hoe
660 1640 696 1683 si
726 1640 884 1683 crimen
913 1639 1002 1695 erit,
1032 1639 1191 1682 crimen
1219 1639 1386 1682 Amoris
1414 1639 1507 1694 erit,

450 1707 509 1750 Mi
538 1721 662 1752 nemo
693 1707 878 1763 objiciat.

180 1786 182 1789 ’
240 1751 306 1817 ἠιξ
334 1774 509 1818 alterius
542 1776 678 1831 partis
707 1788 855 1819 versus
887 1776 1050 1817 13-18
1089 1775 1320 1830 pertinent,
1360 1774 1512 1829 quibus
1541 1773 1728 1830 Cynthia

213 1844 218 1845 ⁷
246 1831 418 1898 poetam
447 1843 585 1886 verita
609 1856 670 1887 ne
698 1844 835 1887 Roma
864 1842 1120 1898 discederet,
1160 1841 1388 1885 adhortata
1415 1846 1528 1897 erat,
1569 1845 1616 1885 ut
1645 1854 1731 1886 ser-

175 1930 195 1948 :
238 1917 416 1954 monem
446 1911 630 1954 tristium
659 1924 807 1955 senum
835 1911 909 1966 qui
936 1911 982 1953 id
1010 1914 1174 1954 tantum
1195 1914 1445 1966 spectarent,
1475 1913 1521 1951 ut
1540 1909 1730 1965 ipsorum
1773 1947 1779 1951 .

222 1969 434 2022 *amorem
482 1978 767 2023 discinderent
815 1978 885 2036 (ef.
914 1991 953 2021 v.
986 1978 1076 2035 14),
1116 1982 1408 2022 contemneret.
1483 1977 1731 2033 Propertius
1775 1983 1779 1987 '

149 2055 151 2057 “
202 2084 205 2085 ⁷
245 2044 416 2088 illorum
457 2058 650 2090 sermone
687 2059 734 2090 se
782 2046 902 2101 tangi
948 2050 1095 2101 negat,
1144 2045 1272 2088 immo
1319 2058 1413 2088 cum
1461 2044 1506 2086 in
1544 2044 1732 2101 Cynthia

246 2112 340 2155 sola
370 2125 535 2157 omnem
564 2124 753 2157 amorem
790 2113 973 2170 positum
1003 2126 1098 2156 esse
1125 2112 1370 2169 profiteatur
1398 2111 1467 2168 (cf.
1496 2125 1535 2154 v.
1564 2113 1618 2153 23
1647 2127 1731 2155 una

120 2206 137 2238 t<
247 2180 387 2225 amica
424 2180 684 2238 contentum)
724 2181 868 2224 statim
907 2180 1028 2224 initio
1055 2180 1263 2225 orationis
1304 2179 1417 2239 illius
1456 2178 1646 2222 animum
1672 2179 1731 2223 de

70 2246 81 2256 ‘
211 2245 351 2302 sfuga,
393 2248 575 2293 fortasse
618 2250 775 2292 iratum
819 2248 900 2301 sibi
938 2249 1145 2293 conciliat.
1201 2248 1367 2303 Fugam
1407 2251 1549 2290 autem
1588 2247 1730 2302 ipsam

163 2312 177 2326 ²
244 2313 329 2368 ita
375 2322 571 2374 excusat,
636 2321 683 2360 ut
747 2316 955 2361 desiderio
1018 2330 1066 2360 se
1122 2315 1257 2360 teneri
1313 2315 1442 2370 dieat,
1511 2314 1732 2358 Musarum
1777 2307 1782 2312 ’

248 2381 373 2427 sedes
414 2384 461 2427 in
504 2384 687 2429 Graecia
727 2384 902 2428 videndi
941 2389 1070 2439 atque
1106 2397 1273 2427 omnem
1315 2382 1481 2438 puellae
1526 2382 1732 2438 suspicio-

248 2459 346 2497 nem
396 2456 477 2495 ιιι
472 2452 700 2509 disjiciat,
747 2465 845 2496 eam
891 2453 1030 2508 ipsam
1076 2451 1329 2495 adhortatur
1366 2453 1414 2492 ut
1460 2462 1604 2492 secum
1651 2449 1735 2492 iter

213 2576 216 2579 .
248 2515 351 2570 illue
377 2518 512 2563 faciat
552 2519 609 2577 (v.
636 2522 692 2562 25
721 2520 839 2576 seq..)
895 2520 1008 2563 Nam
1047 2519 1218 2563 etiamsi
1246 2519 1465 2561 Musarum
1502 2520 1628 2560 antra
1655 2521 1733 2561 etc.
1758 2570 1766 2577 -

219 2579 312 2627 m
341 2597 370 2628 a
396 2587 534 2642 poetis
553 2587 758 2632 Romanis
787 2591 1056 2644 usurpantur,
1082 2577 1130 2630 ιιι
1159 2599 1283 2642 quem
1302 2585 1408 2628 libet
1427 2585 1568 2627 locum
1587 2583 1731 2639 fictum

218 2646 485 2728 significent
512 2653 585 2711 (cf.
612 2655 713 2698 Hor.
742 2654 820 2699 od.
849 2656 895 2711 1,
914 2659 949 2711 1,
979 2656 1157 2698 30—31.
1186 2654 1309 2709 Prop.
1338 2652 1409 2707 IV,
1443 2655 1477 2708 1,
1507 2653 1552 2708 2)
1587 2656 1735 2695 tamen

216 2702 347 2799 “vulfi
373 2725 503 2776 poeta
535 2726 744 2778 cynthiam
781 2722 1126 2778 adhortamina
1098 2725 1145 2764 ιιι
1193 2721 1334 2778 ipsum
1372 2685 1477 2763 illue²
1513 2719 1735 2763 comitetur
