2031 2976
692 291 847 367 iterum
863 321 1047 367 *Aeolios
1075 322 1246 366 fortuna
1274 327 1454 378 penates

397 382 558 446 ρᾳὸμὲἱ
577 394 621 440 et
648 389 796 447 infelix
827 389 1072 446 Scythicum
1100 402 1206 444 gens
1235 389 1480 443 quaerimus
1498 401 1675 433 «amnem

359 481 400 512 c
424 470 551 524 usum
581 468 837 524 comprobat,
867 469 970 523 quia
997 468 1085 511 illic
1103 469 1338 511 ablativus:
1372 468 1552 520 „caede“
1576 473 1769 525 quo-tota

351 524 646 594 {diiudicatur
674 536 856 578 omissus
885 539 962 579 est.
1382 531 1385 532 ⁷

306 653 311 658 ,
396 611 578 658 Omnino
607 619 751 658 autem
779 615 931 658 verba·
962 615 1128 657 alterna
1148 614 1290 668 caede,
1320 626 1563 657 communes
1588 619 1770 670 penates

285 668 345 743 ad
362 680 568 724 diversas
607 693 812 738 personas
846 681 993 726 referri
1021 685 1247 736 nequeunt.
1303 681 1453 736 Itaque
1481 678 1770 737 Lachmanno,

257 741 494 810 siqiiidem
528 750 718 802 „alterna
748 749 901 793 caede“
935 750 991 792 ad
1020 750 1163 793 hostes
1191 751 1367 804 rettulit,
1401 762 1670 801 „communes
1697 762 1769 826 pe-

276 806 429 860 nate&
463 816 610 860 eodem
651 830 778 860 sensu
815 822 917 860 erat
947 816 1323 873 interpretandum.
1379 816 1487 860 Cum
1526 820 1673 860 tamen
1706 815 1768 860 in-

258 883 484 939 ,geniosus
511 876 583 926 ille
612 885 779 926 criticus
820 885 927 926 bene
967 883 1246 939 pcnspiceret,
1295 884 1507 927 neminem
1545 885 1610 926 ita
1649 884 1768 938 loqui

215 960 218 961 ’
251 960 267 990 ‘z
285 953 456 995 *utscum
485 949 692 1012 hostibus·
707 955 885 1007 penates
926 950 1010 994 sibi
1051 963 1292 994 communes
1321 964 1415 994 esse
1453 951 1588 1006 dicat,
1628 951 1769 994 incon-

249 1011 252 1014 *
285 1018 406 1060 st'ans
441 1030 536 1060 esse
574 1018 742 1071 maluit,
791 1031 919 1072 quam
958 1022 1124 1061 tantam
1165 1019 1401 1062 sententiae
1440 1018 1766 1074 perversitatem
1796 1072 1797 1075 Ἰ

286 1079 524 1129 admittere.

401 1163 567 1207 Eadem
597 1164 817 1208 verborum
863 1164 1146 1221 repugnantia
1189 1165 1233 1207 in
1273 1164 1462 1220 proximo
1498 1177 1627 1223 'versu
1674 1164 1769 1222 (22)

221 1248 251 1268 κ
285 1230 407 1275 inest.
464 1229 683 1283 Quomodo
725 1232 838 1275 enim
868 1233 963 1287 quis
1002 1236 1098 1288 post
1127 1233 1336 1276 alternam
1372 1232 1546 1276 caedem
1573 1232 1769 1288 praemia

285 1297 344 1341 ad
371 1298 536 1354 patrios
564 1299 677 1343 lares
705 1303 924 1355 reportare
962 1300 1097 1355 possit
1136 1300 1264 1355 plane
1303 1300 1470 1354 ignoro,
1518 1299 1555 1341 si
1594 1298 1765 1354 quidem

285 1365 450 1409 alterna
479 1366 633 1409 caedes
661 1379 715 1409 ea
744 1367 898 1410 caedes
927 1356 1012 1421 est,
1052 1378 1138 1421 qua
1177 1371 1219 1410 et
1256 1366 1294 1408 is
1323 1366 1394 1420 qui
1436 1370 1618 1422 pugnat,
1657 1370 1701 1409 et
1728 1366 1767 1409 is

239 1438 245 1440 ⁷
286 1424 464 1486 quocum
493 1438 657 1489 pugnat
686 1434 851 1476 alterna
879 1447 1010 1477 manu
1037 1432 1352 1477 interficiuntur.

229 1566 231 1568 q
397 1503 621 1567 Reliquum
650 1515 715 1555 est
753 1515 799 1555 ut
830 1512 985 1568 Guyeti
1025 1511 1312 1568 conjecturam
1354 1519 1550 1566 „externa
1578 1512 1762 1556 caedes“

248 1579 261 1610 ἓ
283 1591 361 1634 pro
371 1583 554 1633 „alterna
572 1579 750 1622 caedes“
764 1579 988 1630 scribentis
1001 1592 1130 1633 quam
1141 1579 1306 1622 Keilius
1327 1578 1595 1622 commendat
1614 1577 1673 1634 (p.
1682 1577 1767 1635 24),

247 1638 256 1642 ’
284 1657 619 1694 commemorem.
677 1645 762 1690 Sed
790 1645 872 1689 hac
911 1658 1081 1701 quoque
1119 1645 1416 1705 emendatione
1443 1649 1618 1703 recepta
1645 1658 1768 1702 repu-

281 1712 462 1767 gnantia
480 1713 589 1756 inter
603 1714 733 1756 verba
748 1726 1013 1768 „communes
1032 1714 1234 1768 penates“
1252 1718 1294 1756 et
1313 1717 1512 1768 „externa
1526 1712 1684 1772 caede“
1701 1725 1766 1755 re-

120 1810 157 1831 ,
283 1782 439 1823 manet.
495 1780 608 1823 Nam
629 1793 723 1822 cum
743 1793 1009 1835 „communes
1028 1780 1229 1836 penates“
1248 1780 1294 1823 in
1313 1779 1394 1823 hac
1413 1778 1636 1823 verborum
1665 1791 1764 1822 con-

150 1839 154 1843 “
172 1869 187 1874 -·
217 1890 219 1892 ,
277 1842 499 1900 junctione
526 1846 633 1890 nihil
661 1847 867 1902 significet
894 1847 979 1889 nisi
1008 1846 1264 1890 domicilium
1304 1859 1524 1888 commune
1553 1845 1765 1901 Propertii

114 1917 143 1926 '
281 1916 325 1956 et
354 1911 584 1970 Cynthiae,
631 1914 988 1969 quemadmodum
1026 1913 1133 1957 illud
1177 1917 1354 1958 externa
1393 1912 1523 1957 caede
1562 1911 1765 1969 adspergi

283 1981 430 2036 possit,
458 1980 543 2024 non
571 1982 793 2037 perspicio.

230 2106 234 2109 ,
265 2050 269 2055 ’
337 2092 341 2093 ⁷
396 2059 518 2111 Quae
546 2060 686 2103 omnia
717 2060 756 2118 si
785 2060 1006 2104 considero
1036 2074 1121 2103 non
1150 2074 1321 2115 possum
1359 2058 1620 2115 persuadere
1647 2058 1764 2115 mihi,

242 2125 379 2179 fill'os
406 2139 554 2170 versus
582 2123 790 2181 genuinos
818 2140 935 2182 esse,
973 2127 1047 2181 qui
1075 2128 1259 2183 primum
1288 2127 1415 2182 plane
1453 2124 1625 2168 inutiles
1653 2128 1764 2180 sunt,

263 2195 372 2236 'tum
413 2205 442 2236 a
479 2205 643 2236 conexu
691 2194 999 2238 sententiarum
1046 2207 1218 2249 prorsus
1259 2191 1531 2245 dissentiant,
1580 2191 1764 2245 denique

246 2289 249 2291 -
281 2259 586 2314 grammaticas
613 2260 842 2306 exhibeant
859 2260 1130 2307 difficultates
1150 2261 1373 2305 maximas.
1429 2258 1599 2318 Duplex
1619 2261 1763 2303 autem

221 2371 223 2373 ,
259 2326 620 2383 interpolationis
666 2342 800 2384 genus
843 2329 946 2372 mihi
987 2328 1154 2373 videtur
1192 2329 1376 2371 subesse.
1433 2325 1621 2370 Primum
1649 2327 1763 2370 enim

226 2444 228 2448 ,
250 2385 256 2391 “
283 2395 431 2438 versus
454 2397 616 2439 19—20
646 2396 701 2440 ab
730 2409 782 2441 eo
810 2397 1057 2453 interpolati
1087 2399 1195 2452 sunt,
1225 2396 1298 2451 qui
1329 2408 1422 2440 cum
1451 2393 1675 2441 transitum
1704 2394 1763 2442 ad

237 2458 243 2516 j
252 2475 260 2500 ·.
281 2460 462 2525 alteram
490 2467 657 2519 partem
687 2464 814 2506 nimis
842 2464 1068 2520 abruptum
1097 2463 1380 2523 existimaret,
1417 2460 1601 2517 repetita
1636 2460 1764 2518 primi

211 2548 248 2592 fi
274 2538 432 2585 >tersus
458 2529 785 2587 interrogatione
813 2544 1020 2576 conexum
1048 2531 1164 2577 illius
1198 2531 1331 2587 partis
1360 2527 1563 2586 expedire
1591 2527 1763 2573 studuit.

283 2595 395 2654 Tam
422 2597 480 2641 ab
508 2599 644 2646 altero
672 2599 975 2655 interpolatore
1014 2612 1162 2643 versus
1191 2600 1357 2641 21—22
1395 2596 1626 2659 excogitati
1653 2601 1763 2651 sunt,

281 2656 437 2717 (linibus
464 2663 538 2710 ille
567 2665 699 2712 verba
727 2680 766 2710 v.
786 2668 840 2711 20
869 2666 994 2711 litora
1020 2674 1117 2711 nota
1144 2665 1356 2722 explicare
1375 2663 1517 2720 vellet,
1544 2663 1621 2712 sed
1638 2667 1762 2713 tanta
