2031 2976
538 253 792 342 substantivi
807 291 810 292 ⁷
828 262 974 338 um,
1022 285 1119 325 uno*
1145 281 1221 325 sod
1259 280 1386 325 valde
1425 280 1583 324 dubiae
1619 280 1719 325 fidei

424 347 432 401 '-
480 349 704 395 firmatum.
784 351 879 394 Huc
931 350 1096 394 accedit
1149 349 1375 405 singularis
1421 363 1524 393 usus
1571 362 1720 393 versus

353 450 562 544 Exempla
591 487 703 537 enim
733 500 876 530 eorum
906 486 978 541 qui
1007 486 1124 542 apud
1153 486 1419 542 Propertium
1448 485 1721 529 inveniuntur

375 557 494 597 sunt·

291 620 332 677 Ι,
360 619 425 678 13,
453 624 519 665 31.
547 622 638 669 ‚illa
668 622 723 665 sit
752 621 936 664 Inachiis
967 625 1009 665 et
1038 621 1235 664 blandior
1264 621 1460 676 heminis,

282 689 424 745 -.I„19,
457 691 520 733 13.
563 689 652 733 illic
681 689 894 733 formosae
923 689 1097 732 veniant
1126 689 1277 732 chorus
1305 688 1518 745 heroinae,

293 756 353 813 Π,
382 759 420 813 2,
449 760 487 801 9.
562 758 704 813 qualis
734 762 776 801 et
803 757 1076 801 Ischomache
1105 757 1318 814 Lapithae
1347 772 1480 813 genus
1508 758 1693 814 heroine,

229 844 252 866 ε.
273 825 424 881 μ1,·20,
454 827 519 869 31.
555 826 651 881 Jam
680 825 947 875 Pandioniae
976 825 1101 869 cessit
1131 836 1264 880 genus
1294 824 1538 882 Orithyiae.-

214 892 222 948 j
278 887 369 947 TV,
398 895 436 947 6,
469 895 531 935 13.
559 893 707 936 infelix
736 892 892 948 Aquilo
920 897 1072 948 raptae
1099 893 1225 934 timor
1255 891 1484 948 Orithyiae,

297 959 348 1014 V,
376 962 414 1014 4,
444 962 508 1003 71.
556 959 633 1003 illa
661 960 744 1003 ruit
774 960 914 1015 qualis
943 960 1122 1004 celerem
1152 972 1284 1016 prope
1314 959 1630 1003 Thermodonta

261 1019 263 1021 ¹
354 1027 421 1070 Ex
451 1028 604 1082 quibus
632 1029 769 1071 elucet
798 1033 961 1071 tantum
990 1028 1035 1070 in
1064 1028 1304 1070 nominibus
1333 1027 1514 1083 propriis
1534 1026 1594 1084 (et
1622 1042 1718 1082 raro

148 1129 155 1140 ‚
173 1129 201 1155 4.
231 1091 430 1152 quidem)
459 1099 502 1138 et
529 1096 574 1138 in
603 1109 764 1151 graeco.
784 1095 857 1138 illo
887 1095 1113 1139 vocabulo:
1153 1094 1324 1138 heroine
1363 1108 1560 1138 versuum
1596 1109 1719 1151 spon-

103 1157 129 1193 ².
148 1152 172 1181 ἒ·
241 1161 410 1209 diacum
441 1163 619 1207 admitti.

108 1232 189 1291 ms?
355 1229 622 1286 Quamquam
654 1235 794 1274 autem
824 1231 869 1274 in
899 1231 1111 1275 sententia
1136 1230 1243 1274 nihil
1262 1231 1383 1286 inest,
1412 1244 1493 1286 quo
1515 1231 1719 1287 offendas,

241 1297 315 1353 vix
354 1302 498 1342 tamen
537 1303 603 1342 est
642 1295 843 1342 credibile
882 1300 926 1342 in
955 1313 1038 1342 uno
1068 1312 1193 1342 versu
1222 1303 1393 1355 poetam
1422 1303 1487 1342 ter
1515 1298 1719 1353 singulari

221 1366 402 1409 -ratione
430 1366 616 1425 locutum
647 1379 753 1409 esse.
819 1368 969 1422 Itaque
998 1366 1067 1409 hic
1094 1380 1242 1409 versus
1271 1367 1463 1422 exemplo
1491 1370 1577 1421 est,
1616 1362 1718 1409 solis

205 1462 222 1487 χ
241 1423 529 1489 grammaticis
566 1433 776 1477 interdum
816 1434 1049 1477 rationibus
1090 1435 1382 1489 quaestionem
1420 1434 1535 1477 illam
1579 1438 1717 1477 utrum

139 1491 161 1532 2²
240 1513 390 1545 versus
418 1499 662 1557 interpolati
693 1498 777 1544 sint
807 1513 937 1545 necne
966 1501 1289 1557 disceptandam
1318 1514 1424 1545 esse.

96 1560 139 1575 ‘
862 1566 935 1623 IV,
965 1572 1001 1624 5,
1031 1571 1096 1612 25.

409 1636 505 1678 Non
534 1649 601 1679 me
629 1635 816 1679 moribus
845 1636 921 1679 illa
951 1603 1026 1679 se'd
1055 1636 1196 1680 herbis
1224 1636 1417 1692 improba
1447 1636 1559 1679 vicit.

353 1701 476 1747 Hunc
514 1716 681 1747 versum
719 1707 892 1760 propter
930 1704 1183 1747 sententiam
1223 1699 1439 1759 Gruppius
1478 1703 1540 1760 (in
1578 1705 1719 1759 elegia

78 1763 433 1823 Romana
467 1770 642 1827 Lipsiae
676 1772 782 1813 1838
811 1785 851 1827 p.
873 1772 990 1828 303),
1039 1775 1212 1827 propter
1249 1770 1447 1814 vitiosam
1495 1784 1717 1815 caesuram

80 1835 145 1899 f,
178 1880 189 1885 f
236 1836 578 1894 'Eschenburgius
607 1838 902 1896 (quaestiones
921 1839 1109 1895 Propert.
1139 1839 1315 1882 Bonnae
1336 1840 1442 1881 1865
1472 1853 1513 1895 p.
1534 1840 1587 1881 28
1608 1839 1715 1896 seq.)

69 1900 72 1904 ⁸
204 1945 208 1951 .
239 1905 496 1961 ejiciendum
535 1919 629 1949 esse
670 1911 824 1951 censet.
892 1906 992 1950 Jam
1022 1920 1122 1950 vero
1156 1908 1201 1949 in
1233 1907 1443 1950 sententia
1471 1906 1577 1949 nihil
1606 1908 1717 1951 inest

117 1963 124 1970 ⁴
239 1966 355 2033 quod
383 1973 665 2030 suspicionem
695 1977 877 2018 moveat.
946 1975 1060 2018 Nam
1091 1975 1203 2030 quod
1234 1970 1419 2031 Cynthia
1449 1973 1589 2017 herbis
1616 1974 1725 2017 Pro-'

230 2041 368 2097 -pertii
408 2054 593 2084 amorem
632 2041 726 2084 sibi‘
750 2045 941 2097 ereptum
980 2042 1113 2096 dolet,
1154 2056 1238 2084 non
1268 2045 1332 2085 est
1359 2042 1510 2084 mirum
1538 2054 1633 2084 cum
1663 2055 1716 2085 ea

91 2099 155 2168 μξῖς
239 2111 353 2152 esset
381 2109 623 2164 superstitio
653 2108 768 2152 illius
797 2109 952 2152 aetatis
983 2113 1028 2151 ut
1058 2109 1094 2151 si
1124 2110 1220 2164 quis
1249 2121 1421 2152 eausam
1451 2122 1524 2151 cur
1552 2108 1717 2163 aliquid

238 2175 472 2230 accideret,
511 2189 594 2218 non
633 2176 897 2230 inveniebat,
936 2175 1114 2230 magicis
1155 2176 1318 2218 artibus
1355 2175 1399 2217 id
1434 2175 1590 2218 factum
1621 2188 1716 2219 esse

239 2243 441 2287 erederet.
503 2243 715 2299 Imprimis
751 2243 1037 2299 elegiacorum
1075 2247 1297 2300 poetarum
1334 2243 1522 2286 carmina
1560 2241 1716 2286 referta

195 2325 200 2329 ·
241 2313 339 2358 sunt
354 2309 516 2354 ’talibus
535 2311 909 2366 descriptionihns3
929 2306 982 2354 de
1001 2311 1144 2354 herbis
1164 2312 1295 2356 affero
1312 2312 1435 2367 Prop.
1443 2313 1477 2366 I,
1491 2310 1553 2366 12,
1565 2313 1716 2355 9-10,

94 2375 190 2435 ⁸52³?
223 2374 334 2421 Tib.
353 2378 386 2435 I,
413 2379 450 2433 8,
474 2379 652 2422 17-18:

131 2466 135 2473 .
233 2442 239 2444 ⁷
374 2443 570 2488 Invidiae
599 2445 772 2488 fuimus:
801 2458 899 2488 num
931 2458 999 2488 me
1028 2446 1134 2489 deus
1163 2445 1302 2489 obruit
1330 2460 1386 2488 an
1416 2459 1525 2500 quae

441 2511 553 2557 lecta
580 2513 841 2557 Prometheis
871 2512 1021 2556 dividit
1048 2516 1176 2557 herba
1196 2513 1347 2569 Jugis?

375 2580 487 2623 Num
516 2584 558 2623 te
587 2580 843 2624 carminibus
871 2594 977 2635 num„
1001 2584 1044 2624 te
1073 2581 1330 2637 pollentibus
1360 2586 1490 2625 herbis

441 2646 614 2692 devovit
642 2648 770 2692 tacito
799 2651 989 2704 tempore
1018 2649 1154 2692 noctis
1184 2648 1375 2705 anus‘?*)

290 2813 292 2816 >
345 2792 386 2837 ’Ἴ
408 2791 465 2828 of.
489 2792 599 2829 etiam
622 2793 704 2830 Tib.
728 2793 757 2839 Ι,
781 2795 813 2839 2,
828 2796 892 2833 760.
927 2791 975 2839 ΙΙ,
999 2797 1031 2839 4,
1055 2797 1110 2830 56.
