2031 2976
484 380 555 452 eris
566 364 612 445 si
641 402 948 445 sententiarum
976 415 1131 444 nexum
1173 402 1272 444 inde
1301 415 1338 444 a.
1368 415 1407 445 v.
1440 403 1490 443 13
1520 415 1709 456 perscru—

422 461 657 525 intelleges.
733 468 888 513 Omnia
928 469 1034 512 bene
1076 467 1323 523 cohaerent,
1374 470 1410 512 si
1449 481 1707 524 reponemus

343 734 388 798 di
408 749 470 807 te)
497 750 670 805 'qualem
700 751 923 806 purpureis
952 750 1160 805 agitatam
1190 735 1383 794 fluctibus
1413 751 1571 803 Hellen

280 820 284 821 ⁷
579 830 709 860 aurea
739 830 866 871 quam
897 817 1013 859 molli
1043 821 1209 871 tergore
1238 819 1352 860 vexit
1382 819 1485 883 ovis.

281 888 461 959 ζ’ίῇνοε
490 897 709 940 habendos
738 910 844 940 esse.
892 898 1003 939 Nam
1034 897 1214 952 primum
1245 898 1402 952 optime
1430 877 1537 940 illud
1562 899 1706 942 Helles

272 961 464 1030 emplum
514 964 747 1020 periculum
796 964 840 1006 in
888 977 971 1018 quo
1016 967 1143 1020 poeta
1196 963 1419 1020 Cynthiam
1465 970 1705 1009 versantem

326 1023 442 1095 ribit‚
477 1032 682 1085 illustrat;
720 1036 807 1073 tum
838 1031 912 1073 illa
941 1031 1086 1073 Helles
1115 1032 1271 1073 mentio
1302 1033 1432 1073 etiam
1462 1033 1706 1076 necessaria

328 1094 374 1153 ut
402 1095 623 1154 sequentia
653 1098 804 1142 verba:

359 1190 489 1232 quam
519 1177 638 1220 timui
660 1189 721 1219 *ne
751 1176 858 1218 forte
888 1179 1006 1218 tuum
1036 1181 1337 1220 maremomen
1366 1177 1551 1234 haberet,

427 1249 557 1298 atque
586 1248 660 1286 tua*
690 1243 840 1286 labens
870 1244 1018 1286 navita
1049 1243 1167 1286 fleret
1195 1246 1324 1297 aqua!

207 1303 412 1387 sshabeant
440 1336 523 1378 quo
553 1323 800 1366 referantur.
858 1321 1055 1365 Gonexus
1096 1322 1396 1366 sententiarum
1435 1324 1564 1379 plane
1592 1329 1706 1368 esset

212 1388 483 1446 ssintenuptus
521 1392 558 1433 si
596 1391 692 1432 illos
731 1403 879 1432 versus
918 1390 1144 1432 omitteres.
1208 1390 1421 1444 „Numen“
1451 1403 1551 1433 vero
1590 1392 1705 1445 quod

221 1447 534 1516 Eeimreiehius
566 1459 610 1515 (l.
637 1472 668 1502 s.
694 1456 748 1513 a.)
777 1462 824 1500 ut
862 1456 1055 1501 haerenti
1090 1457 1268 1500 conexui
1307 1458 1567 1514 subveniret,
1607 1459 1703 1502 seri—

210 1511 445 1578 {bendum
437 1538 530 1568 esse
560 1524 758 1579 conJecit,
787 1525 843 1566 ab
874 1524 951 1566 hoc
979 1524 1072 1566 loco
1102 1525 1286 1566 alienum
1316 1537 1409 1567 csse
1431 1525 1528 1579 Jam
1557 1530 1704 1580 penta-

112 1592 143 1635 ’.τ-τ
217 1585 357 1646 meter
385 1591 580 1650 ejusdem
609 1591 778 1635 distichi
810 1591 1080 1635 demonstrat.
1128 1591 1258 1634 Nulla
1288 1593 1399 1635 enim
1429 1606 1561 1636 causa
1591 1598 1704 1636 esset

211 1650 299 1723 cur
324 1659 473 1709 navita
499 1664 632 1712 fleret,
670 1659 706 1700 si
737 1653 923 1714 Cynthia
952 1671 1107 1701 numen
1137 1659 1251 1701 illius
1280 1659 1408 1701 maris
1438 1664 1550 1702 esset
1578 1660 1703 1703 facta.

211 1705 385 1785 Quibus
414 1726 469 1770 de
499 1726 637 1770 causis
668 1726 868 1782 equidem
888 1726 984 1770 illos
1004 1740 1152 1770 versus
1171 1724 1318 1783 (5—6)
1349 1726 1581 1770 servandos
1609 1741 1703 1771 esse

210 1788 387 1850 'pensem
430 1794 653 1848 Singulare
682 1794 787 1836 illud
816 1807 999 1849 graecae
1029 1795 1297 1836 attractionis
1326 1795 1585 1850 exemplum.
1614 1794 1703 1837 vidi

211 1864 275 1915 3ρρ
294 1861 466 1918 qualem
486 1861 637 1905 Hellen
666 1875 761 1917 pro.
793 1861 952 1916 qualis
961 1866 1053 1904 erat
1073 1861 1195 1905 Helle
1224 1876 1297 1905 cur
1326 1876 1353 1904 a
1383 1862 1602 1918 Propertio
1631 1863 1704 1916 qui

208 1910 430 1989 'ffiinprimis
460 1929 637 1971 Graecis
666 1928 800 1970 literis
829 1928 1015 1970 imbutus
1042 1928 1135 1970 erat
1164 1914 1494 1982 abjudicandum
1525 1928 1589 1984 sit,
1617 1942 1702 1971 non

208 1989 424 2056 sintellego
453 1996 537 2040 nisi
567 1997 675 2039 forte
702 1995 805 2038 nulli
835 1992 987 2051 poetae
1017 1996 1232 2050 singulare
1262 1996 1490 2050 quidquam
1520 1996 1703 2039 tribuen-

208 2058 325 2125 ‚dum
353 2076 448 2107 esse
477 2064 708 2106 existimas.

793 2131 859 2174 111
900 2133 953 2173 26
1027 2131 1129 2174 -‘4.

428 2198 533 2242 Sunt
561 2198 679 2254 apud
708 2164 895 2242 infernds
924 2133 1135 2242 tdt3milia
1164 2198 1442 2242 formosarum

493 2265 670 2321 pulchra
701 2266 756 2309 sit
782 2266 827 2308 in
858 2266 1024 2321 superis
1053 2266 1089 2308 si
1117 2266 1214 2309 licet
1243 2279 1329 2308 una
1356 2265 1472 2308 locis.

222 2384 224 2386 -
336 2356 514 2400 Duabus
543 2356 597 2399 de
627 2357 768 2399 causis
796 2325 1106 2411 pentametrum
1135 2361 1372 2433 suspectum
1393 2355 1542 2398 habuit
1560 2356 1702 2399 Heim-

211 2422 405 2473 “rejchms
425 2423 607 2480 (quaest.
627 2424 750 2479 Prop.
770 2438 810 2501 p:
831 2426 883 2465 43
905 2425 1024 2479 seq).
1083 2424 1269 2466 Primum
1298 2423 1410 2466 enim
1439 2423 1701 2478 praepositio

279 2484 391 2547 pud“
419 2490 498 2534 hoc
539 2504 622 2534 uno
662 2491 754 2534 loco
793 2491 838 2534 in
867 2491 1126 2534 carminibus
1154 2491 1361 2547 Propertii
1389 2490 1553 2545 legitur.
1610 2490 1702 2533 Hoc

206 2548 354 2624 Ϊςῷἰι
370 2559 578 2610 accidisse
620 2559 803 2602 fortasse
839 2559 1053 2615 quispiam
1083 2559 1214 2602 dicat.
1281 2558 1364 2601 Sed
1401 2571 1456 2601 ne
1494 2571 1522 2601 a
1550 2559 1702 2615 ceteris

206 2604 397 2689 ffiem
417 2626 575 2683 poetis
621 2626 824 2691 clegigcis
861 2652 919 2658 —
958 2631 1162 2682 quantum
1205 2626 1402 2679 equidem
1442 2613 1702 2680 investigare

211 2685 281 2754 ‘fs
301 2699 306 2702 ’
326 2744 328 2746 ,
346 2707 348 2709 ·
368 2716 428 2726 --
397 2695 717 2750 praepositio
755 2696 833 2741 illa
869 2699 1111 2750 usurpatur.
1176 2693 1288 2745 Quid
1325 2693 1439 2747 quod
1477 2693 1607 2736 etiam
1645 2692 1701 2735 iis

1386 2775 1408 2808 3

1497 2875 1528 2884 *x
