2031 2976
384 211 514 266 poeta
527 206 730 263 scriptum
745 220 842 252 esse
861 195 1155 274 conjiciamus,
1176 201 1355 264 cumque
1366 213 1545 270 „praete

385 287 480 319 esse
509 288 641 331 supra
670 275 1005 319 demonstratum
1034 276 1107 331 sit,
1149 275 1232 319 duo
1264 276 1346 320 huc
1370 277 1628 339 pertinent„

385 347 428 386 et
446 342 690 401 „detexite“,
719 356 744 387 e
765 343 920 398 quibus
939 343 1047 386 illud
1067 344 1153 386 v'im
1175 337 1521 389 comminiscendi
1549 344 1628 398 hoc

333 439 336 441 -
382 409 531 465 piendi
560 410 701 454 habet.
760 410 867 453 Cum
896 415 1041 453 tamen
1079 411 1124 452 in
1155 423 1280 453 versu
1311 413 1365 453 32
1408 425 1493 469 non
1532 417 1623 455 tam
1648 412 1725 468 ’(Ϊο

384 477 554 534 plendis
593 477 676 521 viis
717 478 864 522 mortis
905 491 1035 533 quam
1084 477 1138 522 de
1179 479 1387 534 augendis
1437 479 1631 536 agatur,
1647 479 1725 559 eo

384 545 581 600 praefero
613 547 728 600 quod
757 547 1104 590 comminiscendi
1142 546 1257 589 notio
1287 546 1406 590 illam
1447 547 1700 611 augendi

381 612 542 657 tionem
570 626 648 670 per
677 627 723 657 se
754 614 951 658 continet.
1008 613 1333 658 Emendandum
1362 614 1492 671 igitur
1520 628 1693 659 censeo:

654 682 713 725 ite
742 687 857 725 lates
888 695 1041 726 curvae
1071 686 1113 725 et
1142 682 1215 725 leti
1246 683 1455 726 contexite
1487 688 1651 727 causas.

483 749 705 793 Facillime
735 754 879 793 autem
909 749 999 794 fieri
1018 750 1165 806 potuit,
1195 763 1289 793 cum
1310 750 1560 804 „contexite“
1580 763 1669 806 per
1677 744 1796 816 com*

383 817 500 859 dium
538 817 740 873 scriptum
777 821 909 872 esset,
948 822 994 860 ut
1034 818 1295 873 praepositio
1338 833 1414 878 con
1453 818 1772 895 omitteretur,

383 884 437 927 de
466 898 513 927 re
541 884 647 927 nihil
676 885 847 940 addam,
878 898 971 928 cum
993 886 1202 941 permulta
1224 885 1318 939 ejus
1338 885 1507 939 generis
1527 885 1634 928 vitia
1653 885 1697 927 in
1716 877 1794 944 no-

381 951 502 993 libris
531 953 834 1007 manuscriptis
864 956 1019 995 extent.

495 1019 618 1061 Nunc
647 1019 704 1061 ad
733 1024 873 1063 cetera
910 1020 1023 1062 tertii
1062 1020 1291 1074 quartique
1332 1019 1429 1062 libri
1467 1020 1681 1075 exempla
1694 984 1870 1075 accedat

383 1099 487 1128 mus.
544 1086 708 1142 Incipio
739 1087 814 1130 ab:
1852 1108 1854 1110 ’

965 1145 1040 1199 ΠΙ,
1075 1148 1107 1199 1,
1141 1145 1289 1187 1—12.

517 1209 604 1253 Sed
634 1213 801 1266 tempus
831 1211 1013 1255 lustrare
1042 1211 1139 1254 aliis
1168 1211 1375 1265 Helicona
1404 1209 1569 1254 choreis

651 1282 693 1320 et
724 1291 921 1334 campum
939 1278 1149 1321 <Emathio
1171 1278 1267 1333 jam
1298 1277 1401 1321 dare
1430 1282 1598 1333 tempus
1627 1291 1748 1331 equo.

517 1345 616 1388 Jam
645 1345 749 1389 libet
778 1351 819 1389 et
848 1346 978 1403 fortes
1005 1360 1240 1390 memorare
1269 1346 1327 1389 ad
1356 1345 1519 1402 proelia
1548 1349 1713 1389 turmas

651 1418 693 1457 et
722 1414 919 1458 Romana
949 1415 1033 1458 mei
1061 1414 1204 1458 dicere
1235 1419 1374 1458 castra
1402 1414 1535 1457 ducis.

516 1480 676 1532 Quodsi
707 1482 908 1525 deficiant
937 1483 1049 1526 vires
1080 1482 1264 1526 audacia
1293 1487 1406 1525 certe

651 1549 769 1592 Laus
798 1549 893 1593 erit:
923 1550 967 1593 in
997 1550 1165 1604 magnis
1194 1553 1237 1593 et
1266 1549 1452 1593 voluisse
1480 1552 1550 1592 sat
1580 1552 1654 1591 est.

517 1617 648 1660 Aetas
677 1609 817 1672 prima
847 1623 974 1661 canat
1004 1618 1190 1661 Veneres
1219 1622 1410 1661 extrema
1440 1617 1658 1671 tumultus,
1687 1611 1691 1613 ’

651 1685 766 1728 bella
795 1699 948 1728 canam
979 1686 1149 1743 quando
1180 1681 1339 1742 scripta
1367 1685 1511 1742 puella
1539 1687 1688 1728 meast.

516 1752 639 1796 Nunc
668 1754 764 1797 volo
795 1754 999 1798 subducto
1028 1755 1200 1810 gravior
1228 1755 1456 1811 procedere
1486 1753 1608 1797 vultu

649 1835 760 1865 nunc
789 1822 920 1865 aliam
950 1822 1156 1865 citharam
1187 1831 1264 1866 me'
1286 1835 1381 1866 mea
1409 1822 1532 1864 Musa
1561 1821 1695 1863 docet.

516 1888 650 1943 Surge
680 1890 826 1933 anima
858 1903 911 1933 ex
941 1890 1089 1933 humili
1111 1890 1206 1945 jam
1238 1890 1436 1945 carmine,
1467 1888 1620 1932 sumite
1649 1888 1763 1931 vires

650 1957 855 2000 Pierides:
886 1957 1029 2012 magni
1058 1971 1169 2001 nunc
1198 1959 1279 2001 erit
1307 1957 1391 2000 oris
1421 1970 1539 2013 opus.

492 2024 583 2066 Hoc
613 2038 785 2067 carmen
815 2025 973 2080 duplex
1012 2026 1234 2068 exordium
1272 2025 1375 2078 quin
1417 2024 1576 2066 habeat
1605 2023 1677 2065 vix
1708 2022 1864 2075 dubita

378 2090 512 2134 Poeta
542 2091 655 2134 enim
695 2092 757 2135 ita
788 2091 1004 2135 exorditur
1044 2096 1090 2135 ut
1134 2105 1179 2135 se
1218 2092 1276 2135 ad
1317 2105 1474 2134 novum
1513 2102 1648 2146 genus
1686 2088 1865 2146 poeseos

377 2171 645 2202 accessurum
676 2173 770 2203 esse
800 2160 1056 2216 profiteatur.
1114 2161 1238 2203 Hanc
1268 2159 1523 2203 sententiam
1554 2161 1754 2213 quattuor
1773 2164 1862 2207 ver-

377 2226 495 2270 sibus
533 2228 728 2284 cxponit,
777 2228 929 2283 quibus
966 2228 1073 2271 duos
1112 2228 1254 2283 addit,
1304 2228 1458 2283 quibus
1498 2226 1611 2281 quod
1658 2224 1871 2283 materiae

376 2294 518 2350 impar
548 2296 602 2338 sit
630 2301 814 2339 excuset.
863 2297 1130 2340 Prooemium
1161 2297 1240 2345 hac
1255 2296 1482 2356 'sententia
1512 2308 1566 2338 ex
1596 2295 1717 2349 omni⁸
1741 2294 1863 2350 parte

379 2363 614 2417 perfectum
645 2368 709 2406 est
739 2367 781 2407 et
810 2369 1105 2420 exspectamus
1144 2367 1315 2420 poetam
1355 2376 1527 2406 carmen
1565 2361 1658 2417 ejus
1687 2361 1864 2418 generis,

375 2429 430 2472 de
459 2443 543 2484 quo
573 2431 698 2474 modo
729 2432 950 2486 praefatus
979 2436 1061 2487 est,
1101 2432 1389 2474 intonaturum
1418 2443 1523 2473 esse.
1580 2428 1692 2481 Quid
1721 2423 1864 2491 autern

375 2498 420 2540 in
449 2499 605 2541 nostris
635 2499 755 2542 libris
785 2499 971 2553 legitur?
1021 2499 1153 2552 Quasi
1182 2499 1287 2542 nihil
1316 2501 1431 2542 esset
1464 2497 1706 2553 prolocutus
1734 2487 1863 2557 poeta

376 2565 514 2609 denuo
544 2567 735 2622 insurgit,
765 2571 807 2610 et
837 2567 1017 2610 eandem
1051 2567 1306 2611 sententiam
1336 2566 1488 2610 eadem
1513 2564 1677 2609 ratione
1697 2560 1862 2621 duobus

318 2662 320 2664 -
377 2632 569 2677 distichis
598 2635 773 2690 repetit,
812 2645 924 2689 quae
953 2635 1105 2678 iterum
1136 2640 1181 2678 ut
1212 2648 1343 2692 supra
1373 2648 1457 2677 uno
1487 2630 1668 2677 disticho
1697 2631 1862 2694 concluf

375 2700 532 2746 duntur
570 2716 654 2759 quo
694 2702 747 2747 de
778 2696 1017 2748 humilitate
1062 2704 1276 2760 elegiacae
1315 2702 1369 2747 de
1411 2701 1675 2747 sublimitate
1713 2700 1864 2769 001080
