2031 2976
331 246 335 249 ,
377 203 597 247 maximas
621 202 724 246 viris
754 185 891 246 doctis
920 202 1193 246 difficultates
1222 202 1475 252 exlnburt.

492 271 632 325 Atque
681 270 874 313 codicum
925 270 1176 325 scripturam
1236 246 1547 326 (Lachmauni
1569 270 1641 319 edi

377 353 417 394 p
447 337 539 394 91>=

580 405 821 461 Dindymus
851 410 895 462 et
925 418 1048 449 sacra
1082 405 1288 449 fabricata
1319 405 1510 449 inventa
1502 398 1749 464 Cybebae

376 487 472 517 cum
500 473 661 515 nullum
690 460 897 527 praebeat
927 486 1098 516 sensum
1129 473 1453 517 emendandam
1472 485 1568 517 6886
1580 464 1709 523 ίαᾷἰῖ

375 541 504 595 leges.
562 540 660 583 Jam
691 540 993 583 Lachmannus
1022 542 1114 596 ipsc
1146 541 1296 584 Vossio
1326 545 1500 584 auctore
1540 540 1625 596 (ad
1644 539 1712 588 0⁸

375 621 415 663 p.
448 606 566 663 161),
587 607 846 649 assentiente
876 607 1039 649 Jacobo
1080 607 1137 663 (p
1168 607 1267 663 209)
1308 608 1367 650 sic
1396 607 1528 656 verba
1556 606 1677 660 resti,

381 676 500 717 1816
519 688 566 730 p
584 673 706 730 322)
1682 671 1709 679 ²
1744 676 1750 709 1

567 741 810 797 Dindymus
841 746 883 784 et
914 754 1064 784 sacrae
1093 742 1302 784 fabricata
1326 742 1513 795 juvenca
1544 740 1759 809 0511161168-

313 815 316 819 ·
376 810 506 866 (1829
529 808 763 866 Cybebae).
807 811 861 851 At
881 809 1185 864 Hertzbergius
1215 809 1275 865 (p
1298 809 1399 866 375)
1429 822 1523 852 cum
1546 822 1670 856 sacra
1701 857 1703 859 .
1740 827 1746 835 ’
1802 851 1880 881 „4

375 891 451 933 pro
489 880 638 920 sancta
675 877 848 932 Cybebe
897 877 1028 920 latine
1077 877 1161 919 dici
1198 881 1374 932 negaret
1413 877 1491 937 hoc
1527 876 1661 921 modo
1691 874 1822 937 versu
1802 863 1886 881 ⁴⁹⁴*

311 956 314 958 ’
375 944 646 987 emandavit:

433 1011 652 1069 Dindyma
682 1025 807 1055 sacra
838 1007 985 1056 Rheae
1015 1017 1057 1055 et
1086 1012 1293 1056 fabricata
1315 1012 1504 1071 juvenca
1536 1011 1749 1075 Cybebae.
1788 1065 1791 1067 ι

489 1079 605 1130 Quos
636 1094 785 1122 omnes
805 1081 963 1122 refutat
983 1080 1198 1135 Hauptius
1229 1081 1411 1136 (quaest.
1432 1081 1553 1136 Prop.
1578 1081 1686 1122 1854
1716 1088 1825 1141 opus

376 1148 430 1203 ΙΙ,
460 1162 500 1204 ρ.
530 1146 624 1204 65),
665 1147 740 1191 sed
771 1147 885 1202 quod
915 1148 1008 1203 ipse
1048 1161 1072 1191 e
1101 1147 1308 1191 Strabone
1347 1147 1475 1205 (XII,
1505 1161 1544 1203 p.
1576 1145 1676 1204 575)
1726 1149 1811 1190 et
1813 1146 1817 1148 ’

374 1216 601 1271 Apollonio
632 1216 799 1257 Rhodio
830 1215 880 1271 (Ι,
917 1217 1022 1257 1118
1054 1215 1159 1272 seq.)
1189 1215 1389 1270 conjecit:
1808 1227 1810 1229 ·

577 1282 817 1338 Dindymus
839 1286 889 1325 et
920 1284 1043 1325 sacra
1073 1283 1281 1325 fabricata
1311 1296 1335 1325 e
1367 1282 1453 1325 vite
1483 1281 1655 1337 Cybebe
1872 1335 1876 1338 .

374 1349 643 1404 conjecturae
674 1350 871 1404 quamvis
901 1349 1037 1392 bonae
1068 1350 1411 1404 probabilitatem
1440 1362 1525 1391 non
1555 1348 1733 1391 excedit.
1782 1316 1896 1399 Dte-54*

373 1417 503 1471 nique
535 1417 724 1459 Kochius
760 1415 983 1474 (Symbola
1012 1416 1154 1472 philol.
1177 1417 1317 1459 Bonn.
1346 1431 1387 1472 p
1418 1416 1520 1472 361)
1559 1428 1654 1462 611111
1674 1408 1881 1475 Haupthj-

373 1485 661 1540 conjecturam
691 1484 913 1539 refutaret,
961 1484 1023 1526 ita
1059 1483 1169 1526 hunc
1198 1496 1365 1526 versum
1406 1483 1651 1526 emendavit
1691 1486 1736 1525 ut
1764 1481 1893 1525 son'ifss'

374 1552 511 1595 beret:
1858 1560 1863 1571 ,-

577 1618 820 1676 Dindymus
850 1625 891 1662 et
922 1633 1043 1662 sacro
1074 1620 1287 1663 celebrata
1316 1619 1360 1662 in
1390 1618 1546 1662 vertice
1575 1621 1721 1661 mater.

374 1701 487 1742 quae
516 1687 649 1729 verba
675 1688 879 1741 quamvis
910 1692 1058 1742 aptum
1088 1701 1258 1729 sensum
1290 1687 1526 1741 praebeant
1562 1685 1689 1741 nimis
1717 1674 1891 1738 tamen-‚3

372 1755 498 1809 longe
528 1768 554 1797 a
584 1754 778 1797 codicum
810 1754 1021 1810 scriptura
1051 1754 1215 1797 absunt.
1818 1771 1821 1774 ·

486 1821 607 1873 Quae
646 1816 790 1863 omnia
830 1821 866 1863 si
904 1826 1018 1864 recte
1062 1822 1340 1876 ponderabis,
1390 1821 1531 1863 facere
1570 1833 1654 1862 non
1693 1815 1892 1881 poteris};

372 1890 476 1944 quin
504 1889 581 1931 illa
610 1889 693 1932 duo
724 1888 907 1931 disticha
937 1902 1048 1943 quae
1077 1889 1121 1930 in
1151 1889 1272 1931 initio
1302 1887 1469 1943 elegiae
1498 1887 1639 1943 posita
1669 1889 1782 1940 sunt,
1804 1881 1891 1944 8Βῇ

371 1956 676 2013 interpolatore
707 1956 898 2012 profecta
929 1969 1023 1999 esse
1053 1955 1280 1999 existimes
1339 1955 1461 1997 Hanc
1490 1953 1744 1997 sententiam
1766 1951 1881 2013 38111ῥ

372 2024 567 2080 Guyetus
596 2023 640 2066 in
670 2024 783 2066 notis
815 2025 903 2066 suis
934 2024 991 2065 ad
1021 2023 1287 2079 Propertium
1317 2021 1626 2078 pronuntiavit,
1656 2023 1698 2064 et
1723 2013 1890 2078 GNP‘.

371 2092 467 2147 pius
497 2092 542 2134 in
570 2091 680 2134 libro
702 2090 769 2134 cui
788 2092 974 2146 „Minos“
993 2090 1210 2146 inscripsit
1230 2090 1289 2146 (p.
1311 2089 1409 2146 509)
1440 2103 1534 2133 eam
1561 2086 1863 2145 comprobant:
1873 2102 1891 2140 ,ς

371 2159 438 2201 Ita
458 2162 601 2202 autem
621 2158 971 2215 interpolatorem
998 2158 1138 2213 egisse
1167 2157 1258 2201 veri
1277 2157 1512 2215 estxsim-ile,
1542 2160 1587 2198 ut
1606 2154 1863 2216 sententiam
1886 2159 1892 2215 ζ

372 2239 396 2269 6
416 2239 541 2269 versu
573 2225 719 2278 quinto
749 2222 1015 2281 desumptam
1046 2226 1167 2268 nulla
1195 2228 1429 2267 ceterorum
1459 2236 1657 2267 versuum
1677 2218 1879 2280 conexus}

372 2293 539 2335 ratione
567 2291 716 2335 habita
746 2292 1049 2348 amplificaret,
1078 2295 1121 2335 et
1150 2291 1248 2334 huic
1277 2292 1455 2334 carmini
1486 2291 1611 2346 quasi
1640 2288 1892 2338 exordium

371 2360 635 2416 praefigeret.
694 2360 799 2404 Inde
828 2360 988 2403 fluxere
1019 2359 1334 2415 discrepantia
1345 2358 1651 2424 sententiarum
1679 2353 1888 2410 molesta·

371 2428 566 2484 repetitio
597 2427 780 2471 nominis
810 2428 947 2483 Tulli,
991 2432 1218 2482 ceteraque
1247 2426 1391 2469 omnia
1420 2438 1532 2481 quae
1561 2425 1615 2469 de
1643 2422 1824 2486 fabrica,

370 2495 555 2540 inventis
586 2495 789 2552 Cybebae
827 2495 873 2538 in
908 2495 1035 2539 tertio
1074 2507 1201 2539 versu
1239 2495 1443 2550 leguntur.
1509 2481 1794 2558 Interpolat'or

369 2565 512 2621 ipsum
542 2564 596 2608 de
624 2563 844 2607 fabricatis
875 2563 1076 2620 Cybebae
1102 2563 1145 2606 in
1165 2562 1241 2607 illa
1260 2563 1432 2618 regione
1451 2560 1635 2610 inventis
1654 2554 1880 2616 cogita&

370 2632 573 2689 suspicor,
602 2631 647 2675 id
677 2636 742 2675 est
771 2631 825 2675 de
853 2630 979 2675 rebus
1000 2631 1135 2674 sacris
1165 2642 1275 2686 quae
1304 2643 1332 2673 a
1352 2628 1643 2681 sacerdotibus
1671 2624 1817 2695 1168θῇ
