2031 2976
361 260 436 300 27:
463 258 571 301 Post
600 252 780 301 mortem
809 258 962 301 tumuli
991 259 1053 301 sic
1081 258 1344 302 infamantur
1371 257 1603 317 amant-up<

609 338 678 369 me
706 328 826 382 tegat
854 325 1034 370 arborea
1063 326 1194 371 devia
1221 330 1337 373 terra
1365 338 1498 383 coma,
1573 325 1577 328 ’

468 394 555 436 Aut
582 392 732 436 humer
759 394 933 449 ignotae
963 394 1155 437 cumulus
1164 394 1210 451 *)
1240 394 1430 455 vallatae
1454 406 1634 439 arenae:

609 474 694 503 non
717 461 849 516 juvat
877 462 921 503 in
952 462 1097 505 media
1126 475 1279 505 nomen
1308 461 1467 506 habere
1495 460 1579 505 via.

305 751 485 795 auderet
522 752 633 795 hanc
671 765 820 796 versus
859 753 1039 796 formam
1079 753 1123 795 in
1153 757 1316 796 textum
1355 752 1516 809 recepit
1556 751 1642 809 (ed
1663 753 1752 811 181
1798 810 1801 812 v

304 833 346 875 p.
375 821 469 862 303
517 822 650 875 1829,
679 835 719 876 p
750 820 843 877 85):
1565 856 1586 862 ,

509 903 583 942 aut
611 899 760 942 humer
787 900 960 954 ignotae
990 900 1170 942 cumulis
1199 899 1387 942 vallatus
1417 912 1587 943 arenae.

419 977 506 1020 Sed
534 979 717 1033 primum
738 979 1050 1021 inconcinnitas
1070 978 1282 1032 quaedam
1304 978 1510 1021 sermonis
1529 979 1653 1033 inest,
1680 978 1824 1033 quod
1860 1023 1878 1033 .-

304 1048 431 1100 poeta
453 1044 574 1088 dicit:
612 1058 680 1087 me
700 1050 834 1106 tegat
848 1070 904 1076 -—
934 1050 1009 1088 aut
1038 1046 1185 1088 humer
1212 1070 1270 1076 —
1298 1058 1383 1088 non
1405 1045 1547 1100 juvat,
1575 1050 1796 1111 exspecta·
1832 1071 1844 1105 f
1859 1037 1887 1105 ⁴.ss

304 1117 392 1154 tur:
432 1125 500 1154 me
530 1117 647 1167 tegat
675 1137 734 1144 —
762 1126 831 1156 me
861 1113 1005 1156 humet
1032 1137 1090 1143 —
1118 1126 1204 1155 non
1226 1113 1374 1167 juvat3
1423 1112 1578 1156 deinde
1605 1112 1665 1156 id
1680 1106 1796 1169 quod

282 1178 472 1222 codices
502 1179 703 1222 exhibent
733 1179 803 1237 (N.
833 1180 1025 1223 cumulus
1056 1180 1107 1223 G.
1136 1179 1344 1236 tumulus)
1373 1193 1428 1223 ex
1457 1192 1582 1223 versu
1603 1182 1670 1235 27,
1699 1193 1818 1231 cum

305 1247 416 1290 oculi
446 1247 612 1290 librarii
640 1248 936 1291 aben-arerent
964 1248 1143 1303 petitum
1172 1261 1268 1291 esse
1297 1247 1370 1290 vix
1401 1260 1659 1302 quemquam
1696 1247 1796 1292 effu-
1865 1302 1868 1303 ⁷

303 1327 404 1369 gere
433 1319 593 1371 potest3
623 1315 809 1369 denique
838 1328 923 1357 non
954 1320 1018 1358 est
1038 1315 1241 1358 credibile
1265 1319 1355 1357 tam
1374 1314 1544 1358 foedam
1562 1315 1794 1370 imaginem
1830 1323 1849 1338 ·“
1869 1314 1890 1355 f

306 1382 449 1437 qualis
477 1383 588 1426 inest
618 1383 662 1425 in
693 1383 855 1426 verbis:
904 1383 1084 1426 cumulis
1123 1382 1296 1438 ignotae
1336 1395 1494 1426 arenae
1524 1381 1651 1437 quasi
1678 1380 1823 1436 vallo·

307 1450 614 1493 circumdatum
645 1451 811 1494 humari
842 1464 869 1492 a
898 1456 1025 1506 poeta
1045 1452 1140 1506 ipso
1160 1450 1447 1506 excogitatam
1468 1445 1574 1493 esse.
1630 1448 1795 1493 Eadem
1844 1460 1863 1509 ’ᾗ
1883 1443 1894 1467 ⁷

304 1518 390 1560 nisi
421 1518 536 1573 quod
564 1518 755 1573 „humet“
783 1523 895 1562 recte
926 1519 1105 1574 scripsit,
1135 1519 1181 1561 in
1208 1517 1477 1573 Hertzbergii
1508 1517 1796 1573 conjecturam

307 1585 479 1640 cadunt,
509 1587 582 1640 qui
614 1585 672 1643 (p.
703 1585 803 1643 344)
832 1586 1028 1641 protulit:
1817 1593 1819 1595 '
1846 1587 1852 1591 ’
1883 1584 1886 1586 ’

512 1669 588 1707 aut
618 1664 762 1708 humet
791 1666 965 1720 ignotae
995 1665 1187 1708 cumulus
1217 1665 1404 1707 vallatus
1433 1677 1603 1709 arenae.

420 1744 510 1787 Nec
548 1748 692 1787 tamen
728 1743 1015 1787 Heimreichio
1064 1743 1276 1786 assentior
1317 1743 1389 1797 qui
1440 1741 1597 1799 (novae
1632 1737 1817 1798 quaesa'
1851 1753 1885 1780 ‘-

306 1811 431 1866 Prop.
462 1811 737 1868 SymboL¹(p.
767 1810 868 1867 671)
899 1824 1047 1853 versus
1077 1812 1243 1852 29-30
1282 1811 1411 1866 plane
1441 1824 1465 1853 e
1495 1823 1659 1852 conexu
1680 1814 1795 1853 ‘eete-
1819 1826 1844 1834 ·’

306 1892 447 1922 rorum
496 1879 777 1923 removendos
825 1892 920 1922 esse
957 1878 1211 1922 arbitratur„
1255 1877 1341 1922 Sed
1380 1878 1443 1921 ita
1482 1880 1656 1934 poetam
1696 1877 1795 1921 scri-
1835 1875 1841 1895 ³
1874 1883 1879 1886 “
1913 1872 1946 1922 ².

306 1946 444 2002 psisse
475 1946 694 1990 existimo:

579 2031 656 2070 aut
686 2027 831 2070 humet
859 2027 1049 2085 ignotum
1080 2026 1156 2068 vili
1184 2038 1254 2068 me
1282 2025 1381 2068 litus
1411 2038 1545 2069 arena

309 2118 361 2148 eo
393 2119 521 2149 sensu
551 2110 596 2149 ut
625 2107 735 2150 inter
765 2119 811 2149 se
841 2110 1130 2162 opponantur:

512 2185 639 2228 devia
667 2190 780 2228 terra
811 2185 991 2228 arborea
1020 2197 1150 2241 coma.
1171 2196 1239 2227 me
1267 2188 1386 2238 tegat
1414 2187 1456 2227 et

509 2251 701 2306 ignotum
729 2251 831 2294 litus
861 2251 936 2294 vili
967 2263 1099 2294 arena
1130 2264 1199 2293 me
1227 2250 1382 2293 humet.

422 2335 563 2386 Atque
603 2332 816 2374 cumulum
855 2331 926 2374 vel
968 2330 1178 2374 tumulum
1222 2343 1246 2373 e
1275 2342 1402 2373 versu
1431 2332 1483 2372 27
1525 2330 1794 2386 desumptum
1826 2336 1828 2338 ’
1888 2313 1967 2347 ³⁷⁷'

308 2412 404 2443 esse
426 2399 522 2454 jam
552 2413 683 2456 supra
714 2399 873 2442 dictum
903 2402 985 2454 est3
1016 2397 1144 2441 vilem
1163 2410 1348 2454 ‚arenam
1376 2402 1520 2441 autem
1539 2398 1634 2454 ipse
1652 2402 1796 2442 noster

311 2468 527 2522 agnoseit:
555 2467 628 2522 IV,
658 2470 694 2520 7,
726 2469 799 2509 26:

596 2547 776 2590 Paetum
807 2549 957 2601 sponte
985 2549 1060 2587 tua
1089 2544 1186 2587 vilis
1217 2557 1350 2588 arena
1379 2548 1511 2600 tegas.

424 2625 544 2678 Quae
575 2626 611 2668 si
641 2625 845 2669 concedes
874 2629 1015 2668 cetera
1043 2624 1169 2667 facile
1197 2637 1275 2680 per
1303 2637 1350 2667 se
1368 2625 1466 2681 ipsa
1484 2624 1795 2681 intelleguntur.

422 2773 456 2817 ·)
481 2771 651 2810 cumulus
675 2771 791 2819 Neap.
815 2771 979 2808 tumulus
1003 2769 1117 2807 Gron.
