2031 2976
352 187 462 233 locis
486 182 748 244 praepositio
780 180 945 242 „apud“
987 199 1073 231 non
1112 178 1359 243 collocatur,
1398 179 1472 234 ubi
1498 189 1564 242 fvi

353 267 450 299 eam
478 253 702 312 postulat?
1615 280 1618 283 -

428 323 554 379 Prop.
572 321 644 378 IV,
663 324 702 378 7,
725 325 760 366 1.
788 322 936 366 Dulcis
951 327 1009 367 ad
1020 321 1244 367 hesternas
1259 322 1399 368 fuerat
1414 321 1518 368 mihi
1531 308 1634 369 rixa
1700 348 1751 385 .‚·‘

352 391 759 445 'lib.1,10,37—38.
788 390 881 433 Illic
909 390 1217 446 per-scissisque
1245 391 1367 444 genis
1395 393 1577 446 ustoque
1599 404 1659 438 ea
1678 442 1697 452 Ι,
1718 385 1721 388 ’
1739 382 1769 422 ‘³¹

854 461 968 502 errat
997 462 1055 502 ad
1081 457 1257 501 obsuros
1286 457 1452 514 pallida
1479 455 1606 503 turba
1633 458 1703 505 1

466 526 576 567 Τ11111
606 538 690 581 11611
720 525 860 568 minus
889 524 1171 580 suspiciosum
1201 528 1288 578 est,
1316 524 1430 578 quod
1458 525 1503 569 in
1532 517 1683 581 eodem
1693 520 1703 545 '²
1754 575 1766 580 *-

92 232 106 245 r)
110 228 124 241 ,Ρ
137 229 141 233 *

350 661 467 717 plum
497 664 669 716 praeter
696 659 805 703 illud
833 660 950 716 apud
970 659 1235 715 Propertium
1257 663 1407 716 exstat,
1438 659 1515 704 sed
1543 661 1663 706 locus
1678 661 1733 717 d*
1758 650 1769 670 ⁵

350 727 451 772 fidei
480 731 546 772 est
575 732 620 772 et
648 741 676 771 a
706 728 809 772 viris
840 728 975 772 doctis
1002 728 1102 772 inde
1132 741 1159 770 a
1188 727 1352 772 Mureto
1381 727 1514 772 variis
1542 728 1682 773 modis
1709 725 1774 817 16

352 801 440 839 tus:
469 786 524 851 ΙΙ,
558 799 592 850 1,
621 798 687 839 37.
1599 816 1603 820 -

487 862 679 907 Theseus
709 863 884 906 infernis
913 863 1080 919 superis
1109 867 1289 907 testatur
1319 863 1507 907 Achilles

554 929 622 973 hic
651 930 875 973 Ixioniden
904 929 979 972 ille
1009 929 1318 974 Menoetiaden.

465 998 534 1042 Illi
563 998 676 1041 enim
705 1010 854 1041 versus
882 997 944 1040 ita
963 1010 1167 1041 conexum
1189 998 1498 1041 sententiarum
1517 999 1846 1055 interrumpung'

352 1069 398 1108 ut
427 1065 488 1108 sic
517 1078 545 1108 a
573 1069 703 1121 poeta
740 1064 965 1119 siquidem
991 1065 1046 1108 ab
1086 1078 1137 1108 eo
1177 1065 1323 1122 scripti
1359 1070 1476 1121 sunt,
1517 1066 1737 1110 collocari.
1752 1072 1841 1121 non-

350 1133 576 1190 potuerint.
652 1132 830 1175 Frustra
877 1146 951 1176 eos
997 1132 1298 1176 Lachmannus
1347 1146 1519 1185 servare
1568 1126 1731 1177 studet
1756 1125 1838 1177 hac
1939 1134 1958 1166 ¹·

352 1200 651 1244 emendatione
681 1199 873 1243 adhibita
903 1200 985 1256 (ed.
1010 1202 1116 1242 1816
1147 1214 1187 1256 p.
1209 1201 1302 1256 98).
1985 1198 1988 1201 ’

488 1268 682 1312 Theseus
710 1267 888 1311 infernis
918 1268 1082 1324 superis
1112 1281 1189 1311 ceu
1218 1268 1333 1311 fatur
1361 1268 1548 1313 Achilles

552 1336 623 1378 hic
650 1335 876 1379 Ixioniden
904 1336 978 1378 ille
1007 1329 1318 1379 Menoetiaden.
1866 1371 1875 1377 .
1893 1370 1906 1390 .-

438 1430 442 1432 -
463 1403 549 1448 Sed
577 1407 691 1447 recte
713 1402 811 1458 jam
831 1402 1101 1446 Burmannus
1131 1403 1187 1460 (p.
1208 1402 1309 1460 208)
1339 1407 1486 1446 contra
1506 1403 1766 1446 Beroaldum
1794 1407 1837 1447 et
1898 1404 1928 1459 ²1³]-

351 1472 555 1528 Vulpium
583 1471 784 1526 adnotat,
823 1474 898 1513 aut
937 1471 1170 1514 desiderari
1207 1471 1410 1529 nonnulla
1449 1475 1523 1513 aut
1561 1471 1657 1514 illos
1692 1473 1840 1527 versus

350 1539 525 1584 aliunde
565 1551 660 1582 esse
699 1538 895 1581 intrusos.
965 1538 1106 1593 Atque
1144 1538 1321 1581 alteram
1361 1538 1617 1581 sententiam
1646 1537 1840 1594 sequitur
1857 1544 1892 1598 l}

351 1606 519 1663 Keilius
538 1605 607 1663 (p.
627 1604 700 1662 46)
731 1605 804 1660 qui
842 1605 1047 1647 nonnulla
1088 1605 1299 1648 excidisse
1337 1605 1581 1649 arbitratur.
1638 1606 1857 1654 Attamen⁴

279 1692 286 1695 “
350 1673 457 1717 nihil
486 1673 530 1716 in
557 1685 721 1716 conexu
751 1672 1059 1715 sententiarum
1089 1671 1369 1715 desideratur
1385 1673 1422 1729 si
1452 1673 1764 1716 continuamus:

379 1742 445 1783 35.
486 1742 550 1783 Te
579 1752 677 1783 mea
706 1739 831 1782 Musa
860 1739 947 1782 illis
977 1752 1145 1795 semper
1174 1743 1417 1783 contexeret
1447 1740 1578 1782 armis
1665 1728 1673 1736 ‘

554 1812 597 1852 et
626 1811 796 1864 sumpta
824 1811 867 1851 et
895 1806 1037 1864 posita
1066 1820 1174 1863 pace
1203 1806 1327 1851 fidele
1356 1811 1497 1864 caput.

380 1877 447 1919 39.
488 1875 575 1919 Sed
603 1888 743 1930 neque
771 1874 1029 1930 Phlegraeos
1058 1874 1180 1918 Jovis
1210 1875 1500 1930 Enceladique
1529 1875 1732 1918 tumultus
1802 1899 1821 1903 ψ
1920 1897 1933 1914 ⁴.

553 1943 716 1986 intonet
747 1946 927 1997 angusto
956 1946 1128 1998 pectore
1159 1942 1457 1998 Callimachus,
1928 1946 1935 1958 '

485 2011 576 2055 Nec
605 2023 703 2053 mea
733 2009 990 2052 conveniunt
1022 2010 1125 2052 duro
1156 2009 1412 2065 praecordia
1441 2023 1568 2052 versu

556 2077 757 2121 Caesaris
786 2077 830 2118 in
859 2075 1068 2132 Phrygios
1097 2077 1277 2120 condere
1306 2090 1460 2119 nomen
1489 2089 1606 2118 avos.
1928 2121 1937 2132 μ,

464 2143 606 2196 Quare
644 2143 842 2197 equidem
881 2143 977 2186 illos
1016 2143 1250 2197 ejiciendos
1286 2157 1381 2186 esse
1422 2142 1619 2186 existimo
1659 2155 1839 2198 cumque

350 2211 456 2255 nihil
485 2211 570 2254 sint
589 2211 673 2254 nisi
694 2209 970 2267 amplificatio
989 2210 1215 2254 verborum
1236 2225 1274 2254 v.
1296 2212 1349 2253 36
1377 2210 1524 2266 „fidele
1552 2210 1702 2265 caput“
1731 2209 1840 2254 veri—¹
1884 2207 1935 2271 ’ἐ

351 2279 490 2322 81111116
535 2279 705 2322 videtur
743 2278 798 2321 ab
839 2278 1145 2334 interpolatore
1185 2292 1258 2322 eos
1298 2291 1448 2321 versus
1488 2277 1608 2320 fictos
1649 2288 1762 2321 esse
1781 2277 1839 2347 ad
1880 2272 1978 2335 ,ξξξζ

349 2345 460 2389 11366
487 2345 620 2389 verba
650 2345 858 2401 exemplis
886 2341 1907 2391 illustranda.

463 2413 562 2455 Jam
592 2412 637 2455 id
667 2417 849 2468 apparet
878 2412 957 2455 hoo
987 2413 1078 2455 solo
1108 2414 1303 2468 exemplo
1344 2413 1411 2455 cui
1441 2400 1603 2466 quanta
1632 2411 1737 2456 fides
1765 2412 1838 2456 tri-
1842 2428 1918 2466 4-

349 2479 522 2522 buenda
562 2479 617 2521 sit
657 2479 782 2521 modo
821 2481 1118 2535 exposuimus,
1156 2479 1275 2522 illum
1311 2478 1566 2521 substantivi
1603 2491 1725 2521 usum
1753 2492 1841 2524 uon
1884 2468 1893 2478 ἶ

350 2545 523 2602 firmari,
552 2546 802 2602 praesertim
833 2560 927 2589 cum
956 2560 1093 2601 neque
1112 2547 1307 2590 Tibullus
1334 2559 1472 2624 neque
1492 2545 1673 2589 Ovidius
1699 2558 1840 2610 neque

350 2613 555 2657 Horatius
594 2618 855 2669 quamquam
894 2627 1104 2670 persaepe
1130 2614 1388 2670 ,,1111“61·11118“
1395 2613 1440 2656 111
1468 2625 1614 2657 eorum
1642 2607 1839 2660 carmini-

349 2681 430 2743 bus
458 2680 614 2761 legitur
642 2694 833 2735 unquam
859 2681 1174 2724 substantivum
1194 2682 1424 2725 omiserint.
1473 2679 1691 2726 Habemus
1709 2681 1846 2737 igitur
