2031 2976
545 562 596 605 Id
639 562 767 617 igitur
806 562 941 604 solum
980 565 1131 616 restat,
1180 562 1216 603 si
1258 562 1426 616 quidem
1466 566 1595 619 poeta
1632 562 1729 604 illos

424 620 658 687 composuit
696 633 741 672 ut
771 629 829 672 ad
857 630 1094 684 marginem
1123 629 1220 672 libri
1250 630 1315 672 sui
1344 643 1417 673 eos
1447 630 1729 685 adnotaverit,

300 898 370 943 rtti
398 899 538 943 editos
566 912 659 943 esse
688 905 831 942 censet
880 900 1060 955 (quaest.
1091 901 1214 955 Prop.
1244 913 1283 954 p.
1314 902 1395 941 222
1435 900 1543 955 seq.)
1601 901 1727 943 Prae-
2006 910 2031 942 »ε

243 968 364 1020 ζόῃβα
392 967 429 1009 si
457 967 648 1022 singulas
676 979 874 1010 versuum
904 966 1204 1009 similitudines
1232 968 1445 1022 respicies,
1471 991 1528 997 ——
1556 980 1727 1023 respon—
2021 962 2031 969 ”

272 1037 348 1076 ent
375 1035 488 1077 enim
527 1035 570 1076 in
611 1034 764 1076 iisdem
794 1035 897 1076 locis
928 1035 1150 1077 collocata:
1209 1034 1358 1088 quodsi
1389 1034 1585 1077 deficiant
1615 1035 1725 1077 vires

272 1093 351 1145 (05.
408 1102 508 1144 Jam
539 1102 689 1145 sumite
719 1102 831 1144 vires
860 1116 898 1144 v.
925 1105 986 1145 11.
1015 1102 1058 1143 in
1088 1107 1245 1155 maynis
1281 1107 1322 1144 et
1351 1103 1533 1145 voluisse
1563 1107 1632 1144 sat
1659 1107 1725 1145 est

224 1181 288 1212 v-v‘-
300 1171 341 1212 6.
370 1175 503 1223 maqm‘
531 1183 641 1212 nunc
671 1169 750 1212 erit
780 1170 864 1211 oris
895 1183 1001 1225 opus
1031 1183 1069 1212 v,
1094 1171 1155 1211 12.
1177 1194 1231 1199 --
1252 1170 1323 1211 vix
1343 1170 1500 1226 poteris
1530 1170 1724 1212 dubitare

245 1236 348 1291 quin
389 1237 638 1279 alterutrum
684 1237 904 1279 exordium
948 1237 1136 1291 spurium
1178 1237 1232 1278 sit
1281 1237 1532 1280 habendum.
1601 1236 1724 1287 Quod

202 1294 221 1345 ξ7
243 1296 344 1349 num
382 1303 480 1346 aliis
520 1311 687 1358 quoque
727 1304 867 1346 causis
907 1303 1145 1356 confirmari
1195 1304 1329 1359 possit
1367 1305 1409 1346 in
1449 1304 1723 1358 sequentibus

227 1363 566 1432 {disputabimus

219 1496 224 1499 Α
356 1439 498 1495 Atque
527 1444 723 1494 quartum
754 1440 962 1483 distichon
992 1440 1105 1495 quod
1138 1440 1284 1496 incipit
1323 1454 1349 1482 a
1390 1441 1549 1484 verbis:
1600 1445 1721 1484 aetas

212 1500 216 1547 ᾗ
241 1504 380 1563 prima
409 1508 534 1550 c‘anat
555 1508 741 1550 Veneres
769 1508 862 1562 jam
884 1507 1191 1551 Heimreichius
1221 1507 1402 1564 (quaest.
1434 1509 1556 1564 Prop.
1587 1522 1627 1564 p.
1647 1507 1720 1564 29)

209 1586 225 1615 ‘t-
243 1566 545 1632 interpolatum
577 1588 671 1618 esse
692 1575 898 1630 cognovit.
946 1575 1057 1618 Nam
1079 1588 1338 1630 quamquam
1358 1575 1400 1617 in
1417 1576 1560 1622 verbis
1579 1588 1721 1631 pauca

216 1649 218 1651 ’
241 1637 386 1702 insunt
415 1641 475 1699 (et
503 1643 547 1684 in
576 1643 733 1685 talibus
761 1643 1156 1699 interpolationibus
1195 1644 1335 1685 inesse
1364 1642 1515 1700 solent)
1554 1656 1664 1699 quae
1693 1657 1721 1686 a

206 1699 449 1769 ¹‘Propertii
479 1724 555 1753 usu
586 1710 753 1754 dicendi
785 1710 925 1754 aliena
957 1711 1060 1766 sint,
1100 1714 1245 1754 tamen
1274 1712 1317 1752 in
1345 1710 1425 1753 hoc
1453 1710 1631 1753 disticho
1662 1711 1720 1753 ad

214 1777 518 1833 interruptum
559 1792 763 1821 conexum
795 1779 980 1833 accedit,
1010 1779 1123 1833 quod
1161 1779 1357 1833 pluralis:
1397 1778 1584 1821 Veneres
1626 1793 1720 1821 nus-

203 1842 369 1901 J·fquam
400 1845 517 1902 apud
537 1846 802 1902 Propertium
828 1850 869 1889 et
890 1846 1004 1902 apud
1025 1851 1186 1889 ceteros
1201 1850 1349 1902 poetas
1375 1845 1585 1901 elegiacos
1605 1846 1720 1889 inve-

207 1910 369 1971 J'miturs
404 1912 488 1956 Sed
507 1913 552 1956 in
573 1914 1047 1967 universumsermonis
1067 1914 1392 1956 concinnitatem
1413 1914 1448 1954 si
1469 1917 1720 1968 spectamus,

209 1974 447 2037 ·²·qnantum
488 1980 737 2036 simplicitas
774 1985 816 2024 et
853 1981 1066 2036 elegantia
1105 1994 1299 2025 versuum
1334 1983 1440 2022 1—4
1490 1993 1517 2022 a
1556 1981 1717 2023 tumido

205 2037 283 2090 ⁶-set
323 2051 510 2090 contorto
560 2049 726 2090 dicendi
774 2061 928 2103 genere
968 2048 1080 2102 quod
1118 2049 1161 2089 in
1200 2048 1391 2090 versibus
1432 2050 1567 2088 7—10
1598 2048 1718 2101 inest,

209 2104 421 2171 fdifferat,
451 2115 577 2159 facile
607 2120 804 2173 apparet:

375 2196 413 2225 v.
445 2186 573 2227 1-—42
630 2189 798 2241 tempus
825 2189 890 2228 est
918 2185 1099 2228 lustrare
1128 2189 1170 2228 et
1200 2184 1302 2227 dare

708 2252 812 2296 libet
840 2266 1076 2307 memorare
1105 2257 1148 2296 et
1178 2253 1329 2295 dicere.

374 2333 412 2362 v.
434 2323 587 2362 7—10:
630 2324 752 2363 aetas
781 2324 918 2381 canat,>
938 2345 994 2351 —
1024 2332 1177 2364 canam

708 2389 806 2431 volo
834 2388 1059 2443 procedere
1088 2412 1145 2418 —
1175 2401 1242 2430 me
1271 2388 1394 2433 Musa
1423 2387 1555 2428 docet.

211 2497 244 2511 ,N
350 2455 545 2510 Denique
574 2455 765 2498 inflatum
804 2455 1007 2498 orationis
1036 2468 1174 2510 genus
1214 2455 1340 2498 etiam
1372 2467 1517 2496 versus
1552 2456 1659 2494 11—
1664 2455 1714 2495 12
2019 2482 2031 2505 ³

207 2521 475 2599 «ostendunt,
502 2522 547 2564 in
578 2523 730 2578 quibus
762 2522 908 2571 eodem
939 2523 1090 2578 spiritu
1119 2527 1162 2603 et
1191 2522 1334 2565 anima
1363 2525 1405 2564 et
1435 2521 1626 2563 Pierides
1656 2521 1716 2563 in—

284 2715 292 2719 *
318 2654 451 2717 Quae
466 2658 611 2702 omnia
631 2659 667 2701 si
683 2663 794 2703 recte
809 2659 1116 2716 aestimaveris,
1130 2673 1213 2702 non
1231 2658 1388 2714 poteris
1402 2657 1598 2700 dubitare
1613 2657 1715 2712 quin
1893 2661 1897 2665 ’
2006 2664 2031 2695 '‘-s

255 2724 388 2791 ersus
417 2727 581 2768 11—12
602 2740 680 2783 pro
709 2723 888 2771 rhetoris
927 2727 1150 2783 cujusdam
1178 2725 1501 2781 interpolatione
1529 2725 1716 2769 habendi
