2031 2976
300 281 303 283 ,
334 286 337 287 ⁷
391 232 480 278 At
508 176 739 278 cohaerere
783 181 976 291 singulas
1013 226 1180 290 elegiae
1216 178 1390 291 partes
1394 226 1572 289 scillcet

220 345 237 354 ,,
290 292 501 361 versibus
525 288 690 345 19-22
720 305 873 359 postea
912 299 1311 347 demonstrabimus,
1480 357 1483 360 Α

214 362 225 400 T
274 396 277 398 -
297 369 390 429 ipsi
417 360 530 413 banc
559 370 855 425 quaestionem
874 369 1173 426 disceptemus,
1202 370 1271 413 cui
1290 350 1476 415 tandem
1485 345 1577 434 ve,
1618 419 1625 424 ,Α

260 437 265 441 ’
302 435 515 481 tribuendi
553 437 657 493 sint,
693 437 758 487 ad
786 440 959 481 carmen
986 437 1059 493 IV,
1089 439 1140 479 21
1184 437 1462 495 accedamus,
1499 440 1581 482 ex
1585 430 1699 513 qus:-

127 527 182 563 g,
247 552 249 555 ,
301 504 422 549 locus
461 504 693 560 plurimam
732 505 872 549 lucem
908 503 1013 548 mihi
1053 504 1248 560 accipere
1276 484 1699 553 videtur.1nitio·³·-

130 563 151 637 j*
169 573 173 576 “
190 594 200 603 -
224 574 229 580 ”
251 595 266 624 χ
304 571 398 627 ejus
428 572 631 615 carminis
662 572 769 616 haec
798 573 1015 628 leguntur:
1590 589 1594 594 ·
1761 592 1766 602 ι

123 644 131 653 ’
168 636 180 646 “
465 639 669 695 Magnum
699 641 779 685 iter
809 640 870 684 ad
899 640 1049 684 doctas
1077 640 1286 697 proficisci
1314 653 1443 696 cogor
1469 638 1695 696 Athenas„
1761 668 1764 681 .

533 711 580 751 ut
608 721 678 751 me
706 708 836 764 longa
865 709 990 764 gravi
1018 709 1158 769 solvat
1187 721 1332 752 amore
1361 708 1443 752 via.
1486 767 1489 769 Ι

440 785 444 791 ·
465 775 630 819 Crescit
658 775 772 819 enim
801 776 976 819 assidue
1005 776 1217 832 spectanti
1245 789 1347 819 cura
1375 775 1558 832 puellae,

530 843 866 899 ipsaalimenta
893 844 975 887 sibi
1004 843 1193 886 maxima
1221 843 1399 900 praebet
1427 856 1557 887 amor.

464 909 622 954 Omnia
650 915 750 954 sunt
779 915 986 967 temptata
1015 911 1119 954 mihi
1150 923 1403 970 quacunque
1431 910 1572 966 fugari

529 978 677 1033 possit,
706 983 752 1021 at
780 991 835 1021 ex
865 978 978 1021 omni
1009 991 1076 1022 me
1105 979 1258 1034 premit
1285 978 1367 1021 iste
1397 978 1512 1021 deus.

464 1045 548 1090 Vix
577 1049 724 1090 tamen
753 1049 828 1089 aut
857 1046 988 1090 semel
1018 1046 1205 1090 admittit
1234 1060 1328 1090 cum
1360 1059 1492 1102 saepe
1521 1044 1699 1102 negarit,

502 1146 503 1149 η
529 1126 605 1156 seu
634 1113 751 1157 venit
779 1117 968 1173 extremo
998 1114 1154 1157 dormit
1183 1114 1343 1157 amicta
1372 1118 1476 1156 toro.

430 1234 434 1236 μ
461 1181 601 1226 Unum
632 1181 713 1225 erit
742 1181 970 1225 auxilium:
1007 1182 1183 1224 mutatis
1214 1181 1401 1238 Cynthia
1430 1180 1554 1225 terris

529 1248 737 1303 quantum
766 1249 901 1292 oculis
930 1250 1073 1292 animo
1103 1254 1190 1293 tam
1220 1241 1367 1305 procul
1395 1249 1475 1292 ibit
1503 1261 1634 1292 amor.
1876 1289 1877 1292 ,
1907 1304 1916 1310 ,Α

391 1316 507 1359 Satis
536 1329 591 1359 ex
618 1316 674 1359 iis
704 1316 899 1359 versibus
928 1317 1066 1360 clucet
1095 1321 1268 1372 poetam
1297 1316 1429 1360 nimio
1448 1316 1619 1372 puellae
1638 1327 1786 1359 amore
1809 1330 1816 1338 ²
1841 1320 1858 1336 ²
1881 1331 1883 1334 ⁴
1909 1319 1913 1324 '

295 1384 519 1441 abreptum
550 1383 626 1428 sed
656 1383 789 1428 variis
803 1384 956 1432 ¹modis
985 1397 1013 1427 a
1034 1383 1221 1441 Cynthia
1251 1384 1421 1428 illusum
1451 1384 1496 1429 in
1515 1383 1628 1428 alias
1647 1387 1796 1435 terras¹
1897 1396 1914 1429 ,ῖ

294 1451 526 1496 abscedere
556 1452 836 1495 constituisse.
894 1451 1040 1504 Quid?
1089 1452 1126 1494 si
1165 1452 1348 1508 primam
1385 1455 1552 1509 partem
1582 1443 1783 1495 carminis
1811 1485 1843 1511 ¹.
1889 1448 1914 1496 5?-

293 1520 377 1575 111,
419 1521 485 1574 28,
533 1533 683 1572 versus
718 1521 852 1562 1—18
885 1519 1098 1576 Cynthiae
1138 1520 1363 1564 tribuimus
1401 1533 1513 1575 quae
1550 1519 1783 1576 fugientem
1905 1521 1920 1575 j

293 1591 467 1644 poetam
497 1587 667 1631 blandis
697 1587 838 1630 verbis
866 1587 1047 1631 retinere
1076 1587 1246 1631 studet?
1296 1588 1461 1644 Nempe
1499 1587 1545 1630 id
1573 1586 1783 1644 imprimis
1839 1589 1842 1592 ⁴
1896 1584 1922 1621 ’ὲ

294 1655 550 1699 feminarum
580 1660 667 1711 est,
706 1660 753 1698 ut
783 1656 907 1699 modo
938 1655 1169 1711 asperitate
1198 1660 1240 1700 ct
1270 1655 1427 1699 duritia
1458 1659 1691 1699 amatorem
1719 1667 1783 1699 re-

292 1723 470 1780 pellant,
499 1723 625 1766 modo
657 1723 1005 1778 exquisitissimis
1033 1723 1251 1766 blanditiis
1281 1723 1497 1779 repulsum
1527 1723 1585 1766 ad
1613 1735 1660 1766 se
1689 1721 1787 1766 auis

292 1791 420 1834 ciant.
478 1789 585 1834 Cum
624 1790 706 1834 hac
744 1791 1096 1846 interpretatione
1146 1781 1297 1834 melius
1343 1791 1596 1834 conveniunt
1634 1802 1781 1834 versus

297 1860 483 1901 11-122

493 1927 548 1969 Et
568 1926 665 1982 Jam
695 1927 733 1969 si
762 1939 912 1983 pecces
941 1926 1045 1970 deus
1074 1926 1306 1970 exorabilis
1335 1927 1407 1970 ille
1435 1931 1512 1981 est,

596 1995 633 2036 si
663 1994 789 2037 modo
819 1998 1068 2050 praesentes
1098 1994 1252 2038 viderit
1281 1995 1365 2037 iste
1393 2006 1773 2049 preces..

289 2061 449 2118 quippe
479 2074 586 2116 quos
616 2061 776 2105 semina
806 2062 950 2117 potius
990 2062 1047 2104 ad
1078 2061 1378 2118 desperantem
1417 2041 1652 2104 amatorem
1683 2060 1777 2103 scri

230 2149 231 2153 ¹
287 2129 388 2173 bere
417 2129 574 2184 soleat,
623 2141 756 2183 quam
795 2133 1030 2172 amatorem
1074 2129 1131 2172 ad
1160 2129 1351 2185 puellam
1391 2122 1582 2172 amatam
1611 2127 1778 2184 mittere
1794 2133 1813 2175 ἦ

288 2196 452 2241 deceat.
526 2196 723 2252 Denique
772 2195 816 2239 hi
866 2210 1012 2240 omnes
1060 2210 1209 2241 versus
1258 2200 1424 2240 tantam
1473 2179 1777 2240 sententiarum

287 2264 548 2320 elegantiam
597 2264 849 2320 ostendunt,
906 2268 1071 2308 tantam
1120 2265 1373 2309 suavitatem
1421 2263 1554 2308 animi
1593 2258 1778 2320 spirant,

285 2332 503 2388 tantisque
531 2331 698 2376 facetiis
728 2333 951 2388 compositi
980 2338 1088 2388 sunt,
1117 2337 1164 2376 ut
1193 2332 1416 2389 aptissime
1445 2331 1630 2376 feminae
1658 2345 1777 2377 ama-

285 2406 421 2445 torem
459 2399 630 2444 blandis
669 2399 812 2443 verbis
859 2400 1057 2443 retinenti
1101 2400 1228 2444 tribui
1276 2400 1463 2456 possint,
1520 2399 1776 2457 praesertim
1815 2429 1831 2444 ι.
1854 2400 1909 2459 *013
1918 2395 1949 2445 2⁸7
1954 2424 1957 2426 -

286 2481 382 2512 eum
412 2466 642 2524 Gynthiam
683 2467 728 2510 in
757 2467 948 2511 versibus
986 2468 1289 2546 componendis
1326 2481 1412 2511 non
1451 2466 1601 2511 rudem
1642 2466 1777 2512 fuisse
1842 2493 1847 2497 «
1890 2459 1908 2476 ’“
1929 2463 1942 2466 ”

285 2539 462 2581 constet.

342 2604 375 2659 1·‚
404 2605 443 2658 2,
472 2605 663 2648 27—30:
1786 2660 1789 2663 Ι

421 2669 528 2713 Cum
558 2671 637 2715 tibi
653 2673 917 2728 praesertim
948 2671 1144 2716 Phoebus
1173 2685 1253 2716 sua
1283 2673 1474 2716 carmina
1501 2670 1646 2716 donet*
1727 2721 1730 2726 ¹

487 2739 758 2795 Aoniamque
787 2740 925 2785 libens
955 2740 1182 2798 Calliopea
1209 2741 1362 2798 lyram,
1692 2740 1696 2741 ⁷
