2031 2976
261 261 334 303 ;οκ,
376 240 535 293 verbis:
584 248 794 291 minantis
839 260 981 303 aquae
1004 247 1357 293 ‘Athamantiadae
1383 242 1654 310 ὀκρἱιεοίιζῗ

251 312 401 361 'niosa
418 308 593 372 quidem
620 313 887 372 conjectura,
916 314 993 360 sed
1021 319 1064 360 et
1083 328 1111 359 a
1140 314 1332 361 codicum
1363 311 1574 374 scriptura
1590 310 1650 361 1¹·

278 386 448 431 remota
476 386 520 427 et
548 381 607 425 ad
635 396 808 426 sensum
847 396 934 426 non
963 383 1072 436 satis
1099 386 1215 438 apta.
1271 382 1391 427 Nihil
1428 382 1730 444 enimhocilj

277 449 419 506 refert,
437 463 539 493 num
556 449 787 507 Argynnus
802 448 1078 493 Athamantis
1098 462 1309 507 pronepos
1328 450 1397 507 sit,
1409 450 1487 495 sed
1501 448 1797 501 ιῖοιιίιὶθιέιιιιιΓ

274 517 511 562 accuratior
540 516 771 573 descriptio
807 517 955 560 mortis
985 517 1129 573 Paeti3
1163 521 1408 573 praeterea
1420 518 1536 573 quod
1564 518 1623 561 in
1636 517 1768 573 hexa-

273 588 409 629 metro
428 587 551 637 „sunt
564 584 791 628 testantia“
810 598 886 641 pro
903 583 1086 661 simplici
1102 584 1240 628 forma
1254 586 1517 640 „testantur“
1525 585 1782 650 usurpatur*

276 665 362 694 non
394 651 530 708 solum
558 650 762 706 languide
790 655 833 694 et
860 651 1054 707 prosaice
1080 651 1239 694 dictum
1268 656 1362 707 esis
1374 652 1451 695 sed
1479 665 1534 695 ne
1564 663 1659 696 cum
1670 655 1768 695 usu
1941 657 1967 719 θ’..

275 704 448 773 quidem
489 717 700 773 Propertii
740 718 957 773 convenit,
988 718 1147 774 quippe
1177 718 1250 772 qui
1286 718 1483 762 brevitati
1514 719 1657 775 potius
1684 707 1768 763 stu-

274 786 389 829 deat.
447 783 613 837 Quibus
642 784 840 828 omnibus
870 784 1082 828 sententia
1110 788 1259 828 nostra
1288 784 1417 829 valde
1445 785 1687 842 adjuvatur.

358 873 361 874 ⁷
386 852 588 907 Sequitur
635 860 682 895 ut
732 852 958 907 quomodo>
994 853 1186 909 Argynni
1242 852 1417 896 fabulae
1462 853 1623 897 mentio
1672 868 1767 898 cum

271 920 478 976 proximis
507 919 702 963 versibus
722 919 959 975 cohaereat,
988 933 1129 975 pauca
1157 917 1377 964 disseram.
1421 920 1516 972 Qua
1536 921 1581 963 in
1599 935 1646 965 re
1668 921 1784 976 Jam‘
1827 965 1833 970 ,

273 986 431 1031 Batavi
474 986 660 1030 editores
691 987 903 1043 Propertii
941 990 1055 1043 recte
1085 986 1298 1042 viderunt,
1337 987 1423 1030 illis
1451 987 1647 1031 versibus
1676 999 1768 1032 sen-

271 1054 502 1097 tentiarum
537 1066 697 1097 nexum
735 1055 864 1110 plane
899 1054 1161 1110 interrumpi.
1220 1053 1333 1105 Quid
1362 1055 1480 1098 'enim
1510 1055 1591 1098 sibi
1620 1056 1767 1099 volunt

273 1134 403 1165 curae
440 1121 544 1165 illae
573 1122 927 1176 Agamemnonis,
966 1121 1020 1164 de
1058 1121 1212 1176 quibus
1253 1122 1436 1178 principi
1473 1122 1566 1166 loco
1606 1122 1765 1166 dictum

272 1192 349 1245 est,
376 1202 473 1232 cum
502 1189 645 1245 potius
675 1201 763 1244 qua
792 1189 837 1231 in
866 1202 912 1232 re
941 1189 1134 1245 Argynni
1165 1202 1279 1232 mors
1317 1189 1374 1231 ad
1412 1190 1613 1233 miseram
1641 1189 1767 1238 Paeti

271 1257 487 1300 fortunam
544 1257 756 1313 pertineat
812 1256 1113 1312 explicandum
1173 1257 1259 1299 sit?
1342 1258 1451 1300 Tum
1496 1270 1581 1312 quo
1629 1271 1767 1310 poena

272 1324 471 1381 Argynni
490 1323 715 1371 referenda
746 1323 803 1366 sit
825 1324 989 1379 nescio;
1017 1337 1229 1379 nusquam
1257 1326 1371 1368 enim
1401 1324 1455 1367 de
1474 1324 1599 1367 Paeti
1626 1336 1766 1379 poena

273 1405 367 1435 cum
410 1404 497 1446 qua
536 1391 611 1434 illa
649 1390 893 1447 comparari
932 1391 1068 1447 possit
1107 1391 1267 1434 dictum
1306 1395 1390 1447 est3
1428 1396 1471 1435 et
1508 1394 1622 1435 recte
1660 1390 1767 1434 illud

271 1457 469 1514 quidem3
497 1471 599 1501 nam
630 1457 881 1501 stultissime
910 1458 1069 1513 egisset
1096 1463 1225 1514 poeta
1256 1459 1292 1501 si
1321 1458 1366 1501 in
1394 1471 1445 1502 eo
1465 1458 1652 1501 carmine
1682 1470 1766 1513 quo

271 1529 450 1567 mortem
480 1525 604 1568 Paeti
634 1525 888 1579 deploraret,
916 1525 971 1568 de
1000 1526 1127 1583 culpa
1156 1526 1251 1580 ejus
1280 1540 1366 1580 qua
1394 1529 1573 1569 mortem
1601 1526 1766 1580 meruit,

270 1591 401 1635 verba
440 1591 625 1635 fecisset.
683 1591 818 1634 Immo
848 1605 933 1634 non
964 1589 1114 1648 Paeto,
1156 1592 1233 1635 scd
1271 1593 1480 1649 pecuniae
1520 1592 1604 1649 ipsi
1639 1595 1766 1648 poeta

262 1659 362 1714 jam
390 1660 542 1715 primis
571 1659 764 1703 versibus
794 1672 961 1703 omnem
992 1661 1140 1703 mortis
1171 1661 1341 1716 culpam
1369 1660 1528 1703 tribuit.

407 1726 520 1781 Ergo
549 1726 761 1769 sollicitae
789 1730 836 1769 tu
865 1738 998 1769 causa
1027 1727 1209 1783 pecunia
1240 1728 1374 1771 vitae!

475 1807 552 1850 per
580 1797 624 1837 te
652 1794 926 1837 immaturum
958 1794 1103 1837 mortis
1133 1794 1304 1838 adimus
1333 1795 1425 1839 iter.

406 1863 474 1905 Tu
502 1861 683 1905 Paetum
712 1860 770 1904 ad
798 1859 977 1913 Pharios
1006 1861 1251 1906 tendentem
1279 1862 1412 1906 lintea
1441 1866 1589 1918 portus

476 1929 620 1972 obruis
649 1929 802 1971 insano
832 1932 980 1983 terque
1008 1933 1245 1984 quaterque
1274 1930 1395 1973 mari.

405 1996 519 2040 Nam
549 1996 651 2039 dum
681 1999 725 2040 te
754 1995 944 2053 sequitur
972 2007 1059 2052 seq.

382 2065 485 2119 Jam
514 2077 615 2108 vero
644 2063 885 2107 Lindnerus
914 2063 1114 2122 (annales
1143 2065 1245 2121 phil.
1268 2066 1320 2120 X,
1350 2065 1463 2121 837),
1492 2078 1587 2107 cum
1617 2077 1766 2107 versus
1820 2071 1837 2085 ¹*

270 2133 451 2174 21—22
490 2131 710 2187 Propertio
749 2131 971 2175 vindicare
1010 2132 1214 2188 studeret,
1262 2145 1336 2176 eos
1375 2137 1472 2189 post
1501 2145 1669 2175 versum
1709 2119 1789 2173 40

269 2198 611 2255 transponendos
650 2212 746 2242 esse
785 2200 961 2242 censuit.
1019 2199 1105 2243 Sed
1145 2200 1247 2254 quid
1276 2200 1320 2242 in
1355 2199 1428 2242 illo
1458 2198 1763 2242 sententiarum

268 2278 385 2309 nexu
413 2265 651 2321 significent
680 2279 855 2321 prorsus
883 2280 968 2309 non
996 2266 1268 2322 intellegitur.
1326 2267 1420 2309 Illic
1448 2266 1561 2309 enim
1587 2265 1642 2308 de
1660 2278 1764 2308 nau-

269 2334 408 2390 fragio
429 2333 689 2378 Graecorum
719 2333 773 2376 de
803 2333 917 2376 victa
937 2333 1071 2389 Tr0J‘a
1101 2334 1366 2377 redeuntium
1398 2337 1441 2377 et
1469 2333 1523 2376 de
1553 2332 1764 2375 erroribus

269 2401 408 2446 Ulixis
437 2402 595 2458 agitur,
636 2404 683 2444 ut
721 2404 868 2444 contra
906 2400 1036 2444 maris
1075 2401 1258 2445 insidias
1298 2414 1436 2457 neque
1476 2400 1771 2453 fortitudinem‘

267 2481 408 2524 neque
444 2468 568 2512 dolos
605 2468 771 2523 aliquid
811 2469 956 2512 valere
991 2468 1313 2513 demonstretur.
1380 2468 1432 2511 In
1470 2468 1567 2522 tali,
1602 2467 1785 2523 opinor,-

268 2548 433 2580 conexu
472 2540 611 2591 neque
658 2547 788 2579 curae
826 2525 1160 2592 Agamemnonis
1198 2548 1338 2592 neque
1376 2536 1606 2593 Argynnus
1647 2547 1763 2610 aqua

223 2647 227 2650 ,
268 2616 434 2647 mersus
462 2603 595 2646 ullum
625 2603 764 2646 locum
795 2602 963 2647 habent.

381 2671 506 2714 Nunc
526 2670 602 2714 illa
624 2670 718 2714 sola
747 2670 942 2726 quaestio
973 2674 1116 2727 restat,
1145 2670 1221 2715 sed
1250 2684 1305 2715 ea
1334 2670 1403 2714 vel
1431 2669 1686 2726 gravissima
1717 2674 1763 2714 ut
1803 2699 1805 2701 ·

267 2737 323 2782 de
360 2741 610 2795 argumento
649 2737 823 2782 fabulae
861 2737 957 2795 ipso
995 2738 1276 2796 disputemus.
1344 2737 1609 2796 Propertium
1646 2738 1761 2782 enim
1806 2729 1874 2812 11³5:
